3640 5566
1397 669 1716 727 ..33-

480 823 638 871 nam
688 801 806 871 diu
842 802 1154 892 legitimis
1187 802 1367 871 votis
1409 803 1889 897 episcoporum
1947 803 2165 874 sancti
2208 802 2472 888 Jacobi,
2517 821 2624 872 ar-

475 924 1041 1019 chiepiscopalem
1106 926 1376 995 titulum
1443 927 1931 1019 postulantium
1986 925 2315 997 restitisse
2359 954 2377 995 ε
2414 952 2448 989 α
2495 924 2627 997 Ve-

478 1071 628 1119 rum
680 1060 906 1121 tamen
949 1073 1158 1124 unum
1199 1050 1368 1142 quid
1396 1050 1488 1122 ad
1532 1051 1666 1123 hoc
1701 1052 2211 1145 impetrandum
2246 1050 2624 1124 admodum

481 1172 922 1268 impediebat,
964 1174 1284 1247 videlicet
1323 1175 1616 1246 Romani
1661 1166 2073 1247 resistentes
2098 1174 2258 1247 huic
2310 1172 2624 1269 petitioni

481 1300 760 1373 aiebant
789 1326 804 1370 ε
838 1300 1168 1373 hactenus
1190 1300 1736 1393 Composlellana
1763 1299 2069 1373 Ecclesia
2092 1301 2387 1395 superba
2414 1311 2481 1373 et
2514 1322 2627 1371 ar·

483 1447 734 1518 rogans
754 1426 958 1498 nobis
978 1427 1228 1515 extitit,
1249 1428 1582 1500 hacteuus
1597 1429 1981 1502 Romanam
1996 1426 2369 1499 Ecclesiam
2391 1448 2529 1499 non
2552 1436 2631 1498 ut

483 1551 927 1640 dominicam,
949 1552 1071 1625 sed
1091 1554 1285 1647 quasi
1316 1553 1445 1626 sibi
1471 1576 1864 1649 comparem
1886 1552 2184 1649 respexit
2207 1563 2274 1625 et
2292 1553 2506 1626 invita
2530 1553 2627 1625 fa-

484 1676 742 1749 mulata
767 1686 869 1747 est
889 1676 950 1748 ei
964 1729 1110 1749 .....
1119 1676 1499 1750 Verebatur
1518 1677 1861 1771 siquidem
1878 1680 2190 1750 Romana
2216 1676 2629 1777 Ecclesia'ne

483 1802 1027 1897 compostellana
1063 1802 1394 1893 Ecclesia,
1435 1813 1625 1889 tanto
1653 1803 1955 1875 subnixa
1986 1801 2326 1897 apostolo,
2362 1800 2629 1895 adeptis

476 1923 750 2019 juribus
781 1926 1261 1999 ecclesiasticae
1285 1927 1661 2019 dignitatiS,
1699 1938 2079 2001 assumeret
2112 1926 2244 1999 sibi
2270 1926 2532 2021 apicem
2564 1936 2633 1998 et

482 2050 913 2145 privilegium
959 2051 1241 2123 honoris
1285 2049 1353 2121 in
1390 2052 1933 2129 occidentalibus
1964 2050 2310 2140 Ecclesiis,
2350 2058 2417 2121 et
2458 2049 2635 2121 sicut

480 2174 790 2245 Romana
813 2183 1106 2268 praeerat
1124 2154 1424 2246 Ecclesia
1444 2184 1514 2246 et
1532 2174 2025 2248 dominabatur
2040 2174 2287 2247 ceteris
2307 2171 2637 2246 Ecclesiis

485 2306 766 2391 propter
794 2298 1211 2391 apostolum,
1247 2296 1348 2368 sic
1375 2305 1442 2368 et
1472 2298 2015 2393 compostellana
2052 2297 2353 2371 Ecclesia
2385 2316 2639 2391 praees·

483 2428 590 2489 set
621 2430 688 2490 et
720 2420 1191 2493 dominaretur
1225 2420 1767 2493 occidentalibus
1796 2405 2120 2495 Ecclesiis
2154 2428 2433 2516 propter
2466 2438 2635 2513 apo·

484 2544 734 2617 stolum
789 2567 1013 2617 suum.
1061 2545 1261 2631 Quod
1314 2548 1624 2619 Romana
1679 2546 1983 2619 Ecclesia
2024 2554 2092 2619 et
2139 2554 2303 2618 tunc
2347 2543 2634 2615 nimium

489 2672 882 2758 verebatur,
925 2680 996 2745 et
1031 2693 1250 2765 usque
1298 2671 1507 2744 hodie
1550 2683 1831 2745 veretur
1880 2681 1951 2744 et
1992 2680 2343 2766 praecavet
2400 2670 2470 2743 in
2517 2670 2638 2739 fu-

490 2812 715 2873 turum
765 2797 894 2894 (1).
937 2825 972 2864 »
1011 2797 1269 2870 Similia
1315 2799 1594 2894 praefert
1637 2798 2016 2892 capitulum
2050 2820 2170 2884 xx,
2204 2798 2493 2869 Romam
2540 2803 2639 2866 ta·

489 2944 647 2996 meu
690 2921 848 3015 jure
889 2923 1182 3018 priorem
1221 2924 1653 3011 confessum,
1693 2922 2180 3016 Ephesumque
2220 2919 2571 2992 associans
2610 2945 2627 2988 :

495 3079 530 3114 α
563 3050 752 3121 Sicut
804 3070 926 3141 per
987 3049 1264 3120 beatum
1317 3048 1650 3119 Ioannem
1715 3042 2241 3137 evangelistam,
2296 3043 2477 3114 beati
2529 3042 2639 3114 Ja-

489 3170 648 3242 cobi
687 3173 990 3258 fratrem,
1031 3169 1102 3240 in
1141 3169 1452 3241 orientali
1500 3177 1722 3263 parte,
1761 3166 1948 3261 apud
1997 3166 2348 3261 Ephesum
2394 3164 2638 3236 Christi

487 3294 657 3368 fides
702 3305 772 3372 et
809 3295 1180 3390 apostolica
1212 3294 1413 3368 sedes
1450 3292 1864 3380 instituitur,
1904 3289 2007 3362 sic
2050 3311 2177 3385 per
2206 3290 2484 3362 beatum
2527 3290 2639 3362 Ja-

487 3420 740 3492 cobum
778 3421 846 3493 in
895 3419 1303 3492 occidentali
1339 3429 1534 3514 parte
1570 3417 1753 3513 apud
1787 3415 2145 3488 Galletiam
2180 3413 2349 3488 fides
2398 3414 2659 3487 eadem'

488 3539 864 3635 apostolica
906 3540 1488 3618 cousti,tuitur.....
1548 3541 1714 3610 'I'res
1774 3536 2190 3632 apostolicas
2240 3535 2441 3608 sedes
2494 3557 2641 3631 prae

489 3664 812 3736 omnibus
850 3663 1132 3736 sedibus
1175 3664 1246 3735 in
1300 3663 1468 3736 orbe
1525 3664 1775 3736 merito
1830 3660 2069 3753 religio
2120 3659 2490 3733 christiana
2531 3681 2645 3731 ve·

491 3789 715 3861 nerari
769 3789 1119 3884 praecipue
1174 3787 1536 3863 consuevit
1587 3814 1605 3858 ε
1651 3790 2032 3859 Romanam
2091 3785 2382 3872 scilicet,
2429 3785 2644 3858 Galle·

493 3916 750 3986 tianam
782 3913 1354 4007 etEphesianam.
1379 3911 1768 3984 Sicutenim
1801 3921 1939 3983 tres
1960 3909 2331 4004 apostolos,
2361 3908 2639 3980 Petrum

491 4041 789 4127 scilicet,
828 4038 1161 4111 Iacobum
1199 4048 1266 4110 et
1302 4038 1673 4127 Ioannem,
1731 4057 1879 4132 prae
1934 4036 2258 4107 omnibus
2309 4034 2643 4130 apostolis

491 4163 829 4236 Dominus
855 4162 1168 4248 instituit,
1207 4161 1460 4255 quibus
1497 4182 1622 4232 sua
1649 4171 1913 4231 secreta
1953 4159 2199 4230 ceteris
2232 4157 2531 4252 pleniuS,
2566 4165 2644 4226 ut

566 4429 642 4507 (1)
681 4429 898 4502 Florez,
933 4427 1180 4503 Espav'ta
1203 4425 1499 4502 sayrada,
1525 4423 1565 4481 1.
1596 4423 1634 4482 l.
