3640 5566
1437 692 1515 706 —
1559 662 1634 721 17
1671 692 1754 725 .—

535 789 752 859 sancti
794 790 1030 862 Jacobi
1052 844 1071 879 ‚
1129 814 1290 886 quae
1344 794 1686 892 Santiago
1729 791 1823 863 de
1882 788 2350 887 Compos-tella
2394 787 2667 869 dicitur,

531 933 676 985 non
701 933 959 1006 paucos
991 914 1062 986 in
1081 916 1447 990 undecimo
1470 920 1728 1016 saeoulo
1758 916 2122 1012 scriptores
2143 912 2408 1001 habuit,
2431 911 2549 1004 qui
2571 910 2671 982 in·

533 1037 926 1110 ventionem
943 1041 1157 1113 sancti
1178 1040 1466 1137 sepulcri
1485 1050 1937 1117 narraverunt
1950 1039 2343 1113 etvirtutem
2356 1034 2671 1129 reliquia·

535 1182 689 1231 rum
722 1161 1027 1257 corporis
1059 1164 1279 1237 sancti
1309 1164 1877 1260 praedicaverunt.
1916 1162 2214 1236 Scienda
2246 1183 2413 1254 ergo
2449 1179 2673 1255 pauca

531 1282 618 1354 de
641 1284 1038 1361 inventione
1078 1290 1208 1361 ista
1234 1300 1304 1362 et
1340 1290 1748 1385 quibusdam
1790 1289 1939 1361 aliis
1972 1288 2109 1360 huc
2139 1284 2667 1381 pertinentibus,

632 1411 815 1495 Quid
841 1413 930 1485 de
960 1415 1405 1488 translatione
1446 1416 1756 1512 corporis
1781 1414 1997 1487 sancti
2045 1412 2284 1484 Jacobi
2311 1412 2383 1483 in
2426 1409 2673 1504 Hispa-

537 1535 720 1607 niam
755 1558 879 1631 per
921 1539 1072 1631 ejus
1107 1538 1480 1635 discipulos
1534 1541 1967 1613 sentiendum
2004 1537 2091 1609 sit
2144 1536 2260 1608 alii
2320 1535 2666 1627 judicent3
2718 1558 2725 1563 ·

535 1661 700 1733 satis
738 1673 1009 1737 constat
1045 1663 1116 1736 in
1141 1666 1344 1737 nullis
1369 1667 1673 1761 antiquis
1701 1662 2161 1737 monumentis
2188 1660 2451 1754 aliquid
2481 1658 2673 1732 inve-

432 1765 440 1773 *
531 1785 664 1856 niri
713 1786 956 1873 simile,
994 1799 1063 1860 et
1099 1790 1246 1883 ipse
1291 1790 1625 1863 Baronius
1665 1788 2188 1863 incertissimam
2234 1786 2325 1859 de
2368 1784 2505 1859 boe
2540 1794 2677 1857 tra-

535 1910 870 1983 ditionem
899 1934 1049 2003 esse
1067 1914 1428 2007 judicavit.
1461 1918 1538 1987 In
1567 1914 1862 2005 decimo,
1891 1914 2178 2007 jamque
2214 1914 2286 1983 in
2314 1932 2503 1997 nono
2544 1932 2672 1983 sae-

536 2036 692 2107 culo
731 2037 1068 2110 creditum
1111 2038 1318 2112 fuisse
1363 2062 1614 2135 eorpus
1659 2038 1951 2135 apostoli
2000 2038 2070 2109 in
2119 2036 2407 2109 Galietia
2441 2037 2676 2128 jacere

539 2160 793 2233 infitias
820 2161 904 2232 iri
934 2185 1078 2236 non
1105 2173 1350 2257 potest,
1384 2187 1597 2257 quum
1645 2174 1714 2236 et
1735 2163 1907 2236 noni
1936 2163 2169 2236 saeculi
2213 2173 2413 2257 poeta
2438 2161 2673 2233 Wala-

533 2277 754 2358 fridus
788 2288 1032 2361 Strabo
1063 2287 1201 2385 (vel
1229 2289 1286 2361 si
1319 2290 1380 2361 is
1421 2312 1561 2362 non
1597 2300 1701 2363 est
1736 2274 1915 2362 alius
1952 2286 2235 2383 quidam
2267 2298 2673 2380 contempo-

532 2410 812 2507 raneus)
845 2421 914 2485 et
957 2414 1444 2509 martyrologia
1495 2414 1756 2487 Adonis
1811 2413 2249 2508 Usuardique
2310 2414 2671 2505 vulgarem

415 2522 420 2525 ’
531 2534 741 2610 fidem
771 2547 838 2608 et
867 2536 1011 2629 jam
1044 2537 1402 2611 inchoatas
1432 2539 1594 2613 illuc
1602 2539 2538 2637 peregrinatione&reserant
2556 2535 2674 2633 (de

533 2661 785 2753 quibus
847 2661 1006 2734 vide
1070 2663 1385 2736 Bollandi
1429 2669 1614 2734 Acta
1669 2670 2093 2736 Sanctorum
2150 2663 2417 2733 mensis
2470 2660 2671 2750 Iulii,

533 2798 704 2860 tom.
744 2788 852 2880 Vl,
893 2810 960 2883 p.
1005 2787 1105 2884 6).
1144 2791 1576 2863 Conveniunt
1610 2812 1851 2864 omnes
1886 2792 2010 2862 has
2034 2790 2359 2884 reliquias
2384 2789 2672 2882 longum

531 2934 655 3007 per
695 2924 962 3007 tempus
1005 2913 1275 3006 ignotas
1321 2915 1629 3005 latuisse3
1691 2915 1813 2986 sed
1873 2913 2223 3009 quomodo
2274 2922 2344 2985 et
2389 2911 2671 3008 quando

529 3036 826 3110 inventae
860 3039 1111 3134 fuerint
1145 3040 1542 3132 ambigitur.

621 3164 903 3236 Nullum
934 3175 1136 3238 vetus
1168 3166 1661 3256 documentum
1703 3159 1989 3237 affertur
2014 3173 2261 3260 praeter
2297 3161 2670 3261 quamdam

526 3288 817 3381 Aifonsi,
851 3291 1036 3382 regis
1070 3289 1460 3378 Castellani,
1489 3288 1580 3361 ad
1619 3288 1993 3362 canonicos
2024 3289 2456 3364 Turonenses
2489 3294 2671 3390 epis·

532 3418 762 3506 tolam‚
795 3437 1004 3510 quam
1047 3415 1178 3511 ipsi
1219 3414 1687 3501 Boliandistae‚
1721 3414 1839 3508 qui
1883 3425 2107 3486 tamen
2147 3437 2351 3489 veras
2388 3427 2670 3490 conten-

494 3544 498 3549 ’
529 3539 706 3614 dunt
728 3563 878 3613 esse
915 3539 1264 3636 reliquias,
1285 3537 1789 3633 supposititiam
1831 3537 2186 3610 declarant
2219 3536 2292 3634 (l.
2324 3539 2367 3610 1.
2414 3562 2487 3635 p.
2521 3539 2665 3636 13).

529 3670 630 3740 De
675 3667 1046 3764 diplomate
1081 3665 1346 3738 Alsonsi
1383 3663 1562 3736 Casti
1613 3662 1702 3735 ad
1745 3643 2299 3748 Theodo‘mirum‚
2336 3665 2665 3738 Iriensem

525 3775 954 3893 episcopum,
997 3791 1306 3886 corporis
1331 3787 1548 3862 sancti
1576 3789 2031 3877 inventorem,
2066 3789 2237 3883 quid
2259 3790 2667 3864 dicendum?

521 3923 698 3995 Illud
720 3930 789 3993 et
812 3919 1020 3992 etiam
1053 3914 1407 4012 epistolam
1436 3912 1680 3986 Leonis
1709 3914 1798 3985 111
1834 3935 2027 4009 papae
2053 3914 2143 3985 ad
2168 3916 2487 3988 eumdem
2522 3940 2660 3990 non

522 4048 790 4120 minore
812 4044 1102 4117 falsitate
1121 4042 1430 4113 laborare
1451 4038 1720 4133 opinor.
1745 4038 1818 4108 Si
1836 4038 2019 4111 enim
2037 4039 2327 4117 sincerae
2346 4041 2457 4114 hae
2471 4044 2683 4115 char-·

446 4213 460 4221 ⁶
527 4184 616 4247 tae
636 4183 890 4260 essent,
913 4166 1268 4264 quomodo
1287 4165 1433 4237 fieri
1457 4172 1726 4259 poterat
1744 4172 1820 4234 ut
1843 4163 1915 4234 in
1935 4163 2301 4238 undecimo
2320 4171 2571 4240 saeeuio
2592 4179 2662 4240 et

524 4292 974 4389 sequentibus
1001 4300 1141 4362 tam
1183 4287 1474 4360 diversis
1515 4286 1743 4358 modis
1777 4293 2193 4376 narraretur,
2232 4286 2662 4386 diversisque
2789 4306 2794 4312 “

524 4420 1026 4496 adscriberetur
1066 4412 1486 4508 temporibus
1517 4411 1734 4484 sancti
1765 4410 2072 4505 corporis
2106 4410 2468 4487 inventio?

2387 4553 2417 4598 2
