3640 5566
961 708 1423 802 terpolaverit,
1477 708 1849 803 permultas
1887 710 2094 782 urbes
2139 709 2345 782 siluit
2365 729 2538 850 quas
2576 707 2914 804 Tur-pinus
2963 708 3091 778 ha·

916 839 935 858 ⁸
959 830 1191 920 bebat,
1240 853 1452 926 seque
1497 833 1593 904 ita
1630 835 2039 907 excusavit:

1236 1038 1377 1094 Sunt
1404 1039 1588 1111 plures
1613 1039 1740 1107 alie,
1776 1055 1913 1112 quas
1944 1041 2118 1098 nostri
2143 1043 2332 1114 regula
2361 1041 2528 1127 metri

1245 1128 1372 1184 Non
1407 1127 1609 1198 posuit,
1634 1127 1764 1200 quia
1797 1143 1914 1185 non
1942 1138 2202 1202 poterant
2230 1130 2290 1186 in
2312 1129 2559 1210 carmine
2585 1129 2736 1201 poni.

1055 1312 1283 1384 Multis
1334 1313 1601 1383 mendis
1657 1313 1926 1386 laborat
1963 1313 2552 1408 antiqua'editiO,
2606 1334 2898 1405 quorum
2955 1333 3094 1382 non

846 1515 861 1526 ‚
956 1457 1176 1528 pauca
1231 1435 1507 1508 admisit
1556 1439 1903 1510 Merzdorf
1949 1461 2108 1532 quae
2153 1460 2339 1532 saepe
2383 1437 2576 1510 facile
2628 1458 2923 1530 purgare
2980 1459 3096 1529 po-

955 1559 1232 1648 tuisset3
1271 1561 1401 1632 hos
1444 1571 1708 1632 tantum
1760 1562 2071 1656 quinque
2117 1582 2480 1654 excerpam
2531 1583 2810 1648 versus,
2845 1560 3102 1650 quibus

954 1681 1285 1754 beneficia
1324 1683 1544 1754 Caroli
1596 1707 1761 1776 ergo
1804 1685 2161 1756 ecclesiam
2203 1683 2417 1754 sancti
2465 1682 2775 1776 Dionysii
2823 1702 3098 1753 narran-

954 1818 1063 1875 tur
1095 1806 1288 1900 (vide
1319 1830 1559 1900 supra,
1600 1833 1673 1903 p.
1714 1809 1838 1906 28)
1886 1839 1904 1880 τ

1233 2013 1474 2070 Ecclesie
1496 2028 1701 2069 numos
1729 2011 1918 2070 offerri
1947 2012 2195 2086 quolibet
2220 2028 2366 2068 anno

1223 2102 1401 2158 Jussit
1428 2111 1486 2158 et
1514 2101 1807 2158 eeclesiam
1838 2101 2157 2158 venerando
2190 2109 2432 2158 scemate
2460 2104 2726 2158 structam

1231 2191 1502 2264 Majorem
1531 2189 1754 2260 faceret,
1781 2191 1884 2247 sub
1916 2191 2009 2246 tali
2033 2189 2350 2246 conditione

1232 2281 1313 2334 Ut
1338 2279 1434 2351 qui
1462 2283 1726 2351 quattuor
1749 2278 1882 2336 huic
1910 2277 2218 2352 gaudenter
2240 2259 2467 2336 reddere
2489 2292 2693 2334 numos

1231 2366 1440 2435 Vellet·
1475 2381 1661 2423 servus
1688 2365 1870 2424 soret
1855 2383 1901 2424 is
1925 2367 2213 2438 libertinus
2236 2375 2400 2424 esset.

1047 2535 1426 2623 Haec'oerte
1458 2574 1599 2624 non
1636 2553 1920 2645 intelligi
1976 2531 2302 2647 possunt}
2363 2575 2522 2647 quae
2574 2553 2631 2623 si
2680 2572 2836 2624 eum
2887 2572 3092 2645 prosa

950 2676 1485 2772 comparaveriS,
1518 2677 1715 2749 facile
1748 2677 1848 2748 sie
1875 2676 2190 2750 restitues
2232 2705 2250 2746 ε

1233 2882 1473 2941 Ecclesie
1501 2882 1929 2940 numos·offerri
1952 2883 2199 2955 quolibet
2221 2898 2374 2941 anno
2645 2932 2659 2945 .

1232 2972 1266 3026 J
1271 2970 1427 3041 ussit,
1453 2978 1518 3028 ut
1543 2971 1833 3027 eeclesiam
1853 2971 2166 3029 venerando
2193 2980 2436 3029 scemate
2464 2978 2735 3029 structam

1230 3066 1492 3139 Majorem
1518 3066 1745 3137 faceret,
1776 3068 1880 3125 sub
1910 3068 2004 3125 tali
2031 3068 2349 3127 conditione

1230 3158 1314 3211 Ut
1340 3154 1434 3228 qui
1464 3165 1729 3228 quattuor
1755 3156 1883 3214 huie
1911 3157 2214 3230 gaudenter
2241 3156 2473 3215 reddere
2499 3174 2702 3214 numos

1230 3242 1431 3309 Vellet,
1461 3244 1507 3299 si
1537 3258 1727 3300 servus
1753 3243 1922 3314 foret,
1947 3245 1996 3301 is
2019 3245 2312 3302 libertinus
2332 3254 2496 3303 esset.

1046 3432 1354 3505 Ceterum
1406 3430 1694 3523 dignum
1753 3431 1888 3502 hoc
1923 3432 2324 3524 opusculum
2362 3430 2668 3503 editione
2706 3451 2848 3501 non
2891 3428 3084 3500 vide·

951 3557 1175 3645 batur,
1224 3555 1336 3624 ubi
1380 3554 1546 3647 quid
1572 3564 1751 3627 esset
1784 3564 2024 3625 notum
2065 3564 2236 3627 erat.
2343 3548 2350 3555 '

1966 3892 2083 3963 lx.

1048 4180 1315 4251 Nemini
1353 4180 1559 4250 hodie
1607 4180 1878 4273 probari
1934 4132 2154 4274 potest
2214 4180 2362 4251 haec
2403 4180 2753 4271 quondam
2801 4180 3082 4270 vulgata

950 4305 1221 4399 opinio,
1281 4304 1970 4396 Turpinumtontem
2027 4304 2234 4375 tuisse
2293 4305 2636 4397 epicurum
2695 4302 3080 4375 fabularum
