3640 5566
1400 681 1483 700 ....
1520 652 1595 712 37
1638 685 1719 698 .-

496 789 644 880 jam
676 785 983 877 ejusdem
1020 795 1123 856 est
1156 771 1481 856 auctoris.
1529 784 1654 856 Hic
1711 783 2053 855 recentior
2091 791 2230 868 est,
2274 791 2343 851 et
2381 779 2453 851 in
2495 781 2644 852 Gal-

502 911 663 982 letia
718 932 861 982 non
908 911 1173 998 fuerat3
1228 908 1393 981 dicit
1452 908 1635 980 enim
1656 958 1677 994 ‚
1723 903 2008 1000 aliquod
2050 905 2353 978 referens
2408 904 2642 999 prodi·

502 1034 745 1126 gium:
782 1063 815 1097 «
846 1035 1143 1106 Narrant
1178 1033 1562 1130 peregrini,
1604 1033 1724 1127 qui
1766 1031 1902 1103 huc
1932 1030 2146 1101 ivere.
2181 1057 2216 1094 η
2249 1028 2642 1102 Notandum

500 1168 604 1230 est
657 1159 1013 1231 historiam
1059 1181 1232 1252 quae,
1277 1159 1346 1230 in
1393 1159 1529 1230 boc
1586 1157 1886 1251 capitulo
1931 1162 2243 1228 narratur
2297 1155 2369 1226 in
2415 1156 2643 1248 aliqua

501 1288 699 1372 parte
736 1302 970 1352 veram
1004 1264 1181 1352 esse.
1224 1279 1427 1350 Anno
1454 1278 1958 1351 DCCCCXCVII
1985 1277 2240 1348 invasit
2273 1275 2646 1349 Almanzor

500 1400 663 1498 (bic
716 1404 1139 1498 Altumajor)
1198 1405 1597 1492 Galletiam,
1663 1412 2084 1496 narrantque
2149 1402 2457 1473 nonnulli
2511 1402 2647 1478 his·-

504 1527 697 1634 torici
743 1529 900 1600 libri
946 1529 1135 1623 quod
1187 1539 1257 1600 et
1312 1539 1543 1600 noster
1562 1579 1581 1614 ‚
1637 1527 2019 1599 exercitum
2081 1548 2330 1621 nempe
2383 1526 2643 1622 dysen-
2729 1529 2734 1534 “

504 1654 672 1726 teria
700 1655 1124 1727 laboravisse
1160 1676 1457 1746 eumque
1500 1653 1890 1747 sepulcrum
1940 1653 2168 1725 Sancti
2215 1653 2456 1724 Iacobi
2503 1675 2644 1726 non

500 1777 893 1852 violavisse„
951 1778 1333 1850 Verisimile
1383 1788 1487 1850 est
1542 1778 1844 1871 aliquem
1887 1777 2337 1873 peregrinum
2389 1776 2523 1849 boc
2575 1777 2646 1848 in

498 1901 782 1976 Galletia
825 1903 1147 1989 audiisse,
1184 1902 1586 1994 auctorique
1633 1913 1914 1989 nostro,
1962 1901 2458 1996 qualiscunque
2506 1903 2648 1976 fue-

498 2027 619 2112 rit,
660 2024 1015 2100 retulisse:
1068 2027 1198 2099 boc
1251 2028 1362 2098 ille
1396 2026 1797 2121 pulchrum,
1825 2036 1920 2122 ‘ut
1967 2025 2031 2098 ei
2080 2026 2465 2116 videbatur,
2523 2027 2649 2100 mi-

496 2131 803 2223 raculum
845 2153 1146 2246 Turpino
1198 2174 1325 2224 suo
1376 2151 1688 2242 addidit,
1746 2147 1934 2243 quod
1982 2161 2048 2222 et
2091 2151 2204 2222 alii
2255 2151 2342 2222 ab
2396 2171 2481 2224 eo
2533 2152 2649 2224 de-

496 2288 953 2371 sumpserunt.

594 2403 736 2473 Nec
761 2402 1219 2494 capitulorum
1247 2377 1528 2472 vr-xxxn
1558 2403 1818 2474 auctori
1857 2410 2181 2496 quartum
2215 2402 2646 2495 supplemen-

498 2531 644 2592 tum
669 2519 1106 2592 tribuendum
1145 2543 1295 2592 esse
1328 2543 1603 2609 cense0,
1632 2521 1815 2614 quod
1841 2531 2106 2615 'septem
2135 2520 2448 2592 liberales
2467 2531 2648 2612 artes

499 2644 715 2726 fusius
752 2617 1085 2750 describit
1108 2657 1175 2719 et
1200 2647 1519 2740 explicat.
1554 2647 1933 2741 Scripserat
1959 2646 2070 2718 ille
2097 2675 2130 2708 α
2147 2655 2410 2740 septem
2435 2657 2642 2734 arteS,

495 2768 673 2841 inter
691 2779 959 2861 cetera,
986 2768 1161 2843 miro
1184 2770 1422 2860 mode,
1463 2771 1529 2841 in
1551 2771 1804 2866 palatio
1837 2771 2056 2843 Caroli
2078 2771 2386 2867 depictas
2406 2794 2581 2861 esse,
2613 2802 2645 2837 n

495 2917 634 2988 quo
671 2898 955 2989 quidam
994 2919 1159 2967 usus
1194 2911 1297 2969 est
1336 2907 1415 2967 ut
1446 2919 1643 2969 suam
1668 2897 1755 2969 de
1787 2897 1897 2969 his
1929 2897 2312 2971 doctrinam
2352 2898 2424 2968 in
2450 2920 2648 2993 aper-

494 3029 637 3091 tum
676 3022 1035 3115 proferret.
1076 3023 1225 3094 Hoc
1264 3032 1492 3094 tamen
1519 3078 1536 3112 ,
1590 3022 1784 3116 quod
1833 3023 2136 3115 capitulo
2173 3046 2322 3094 xxxl
2365 3024 2647 3111 attinet,

496 3145 839 3217 editiones
874 3147 1153 3239 quidem
1203 3150 1568 3231 omittunt,
1612 3146 1736 3219 sed
1776 3147 1846 3218 in
1895 3145 2085 3220 nullo
2135 3148 2374 3221 codice
2410 3148 2649 3221 deesse

490 3271 975 3343 animadverti.
1568 3368 1571 3371 .

590 3401 669 3468 In
720 3398 953 3471 multis
988 3397 1357 3469 codicibus,
1384 3397 1673 3491 (ABE,
1717 3397 1918 3491 ete),
1967 3408 2036 3469 et
2078 3398 2264 3469 aliud
2299 3400 2648 3495 invenitur

491 3507 912 3615 capitulum,
960 3522 1155 3613 cujus
1197 3522 1344 3613 Jam
1380 3521 1463 3591 V.
1504 3522 1602 3593 Cl.
1658 3522 1894 3595 Victor
1943 3524 2036 3593 Le
2087 3494 2278 3594 Clero
2331 3523 2396 3595 in
2435 3532 2645 3620 supra

490 3645 765 3717 laudata
804 3666 1010 3741 opera
1055 3645 1474 3717 mentionem
1514 3646 1673 3718 fecit
1709 3647 1840 3743 (1),
1877 3647 2009 3719 hoc
2042 3646 2239 3720 titulo
2276 3673 2291 3718 ε
2326 3677 2359 3712 «
2387 3650 2482 3719 De
2514 3650 2646 3724 isto

491 3770 682 3863 quod
719 3771 1010 3843 Navarri
1049 3792 1191 3842 non
1228 3770 1317 3842 de
1354 3793 1520 3843 vera
1557 3772 1872 3867 prosapia
1913 3782 2072 3843 sunt
2110 3749 2320 3863 geniti
2357 3802 2372 3844 :
2411 3804 2442 3838 >³
2475 3774 2640 3845 illud

491 3895 845 3968 Galletiani
888 3895 1055 3984 odii,
1086 3906 1165 3967 ut
1202 3895 1518 3986 arbitror,
1558 3896 1631 3967 in
1664 3897 1932 3968 vicinos
1967 3896 2459 3989 testimonium,
2491 3902 2640 3993 qui-

490 4021 655 4093 dam
723 4020 1178 4092 verisimiliter
1259 4021 1658 4115 peregrinus
1714 4020 2168 4115 Compostella
2224 4023 2477 4111 redux,
2539 4025 2637 4096 ibi

368 4166 371 4169 ’
454 4145 721 4243 ,audita
760 4166 1083 4239 sequenS,
1127 4145 1411 4219 notavit.

565 4422 640 4488 (1)
682 4422 942 4477 Histoire
967 4418 1271 4477 litter-aire
1298 4418 1371 4475 de
1392 4416 1459 4473 la
1484 4422 1733 4487 France‚
1758 4419 1922 4486 XXI,
1942 4388 2068 4476 281⁸.
