3640 5566
1478 647 1796 705 ..41-

580 786 858 849 verunt.
917 776 1170 847 Valete.
1210 766 1784 850 confirmationes
1828 776 2277 849 cardinalium
2306 774 2721 870 (sequuntur

579 896 918 993 nomina).
973 928 1010 964 1>
1549 894 1555 900 ’
1635 968 1640 975 .

675 1026 872 1096 Hanc
906 1023 1263 1118 epistolam
1295 1024 1438 1115 jam
1477 1024 1694 1097 edidit
1735 1020 1820 1096 V.
1870 1024 1969 1096 Cl.
2019 1023 2251 1113 Victor
2284 1024 2379 1094 Le
2416 1020 2609 1094 Clerc
2648 1023 2718 1093 in

578 1152 896 1223 Historia
950 1150 1350 1220 litterarum
1404 1149 1869 1220 Gallicarum·
1894 1148 2036 1243 (1),
2087 1148 2313 1241 deque
2372 1147 2721 1220 Aim'erico

576 1275 878 1348 Picaudo
929 1275 1034 1368 (2)
1087 1275 1375 1366 conjecit
1423 1296 1582 1347 eum
1635 1276 1951 1353 fortasse·
1976 1271 2237 1344 codicis
2290 1272 2505 1365 ipsius
2558 1262 2720 1344 con·-

577 1402 1062 1475 sarcinatorem
1102 1401 1332 1473 fuisse.
1373 1400 1646 1473 Certum
1683 1412 1788 1471 est
1822 1400 2007 1469 hunc
2044 1398 2292 1469 librum
2342 1408 2497 1491 post
2537 1420 2721 1471 mor-

581 1538 715 1599 tem
755 1524 1186 1597 Innnocentii
1236 1526 1296 1597 ΙΙ
1339 1525 1730 1620 (MCXLIII)
1765 1528 2098 1621 scriptum
2136 1524 2367 1611 fuisse,
2414 1522 2535 1595 sed
2574 1546 2717 1595 non

576 1652 792 1723 multo
854 1662 1024 1746 post.
1078 1650 1500 1723 Aimericum
1551 1650 1766 1723 credo
1822 1648 2343 1743 Compostellam
2395 1649 2709 1739 venisse,

574 1776 671 1847 ibi
701 1776 1103 1877 Turpinum,
1159 1775 1229 1845 in
1261 1776 1546 1847 ecclesia
1583 1790 1965 1863 servatum,
2018 1774 2368 1867 librosque
2404 1774 2718 1846 aliosde-

571 1900 952 1994 scripsisse,-
994 1910 1156 2001 tunc
1193 1899 1262 1969 in
1305 1901 1522 1994 patria
1566 1922 1687 1973 eos
1725 1920 1883 1971 cum
1921 1900 2071 1970 aliis
2115 1899 2321 1971 rebus
2364 1900 2719 1971 consuisse

575 2022 991 2117 (praescrtim
1045 2044 1203 2093 cum
1251 2022 1855 2099 miraculis⁰sancti
1900 2021 2135 2093 Jacobi
2178 2042 2394 2114 prope
2430 2020 2719 2091 vizelia-

573 2168 730 2217 cum
767 2148 1050 2241 patratis
1079 2156 1146 2219 et
1184 2147 1326 2219 vita
1353 2149 1424 2218 S.
1457 2148 1768 2242 Eutropii
1803 2134 2283 2239 pictavensis),
2310 2155 2391 2217 et·
2408 2146 2716 2218 codicem

571 2271 674 2343 sic
707 2272 1034 2366 scriptum
1065 2273 1588 2364 Compostellam
1619 2294 1867 2345 -rursus
1903 2270 2331 2367 portavi'sse..
2356 2269 2496 2342 Sed
2540 2292 2715 2352 non-

571 2398 756 2469 nulla
791 2398 1180 2485 addiderat,
1205 2397 1496 2489 haecque
1539 2398 1896 2492 permagni
1938 2372 2267 2492 ponderis
2312 2423 2328 2465 :
2375 2397 2714 2489 praefatio-

573 2546 731 2593 nem
768 2544 1016 2618 nempe
1031 2523 1122 2595 ad
1145 2522 1498 2594 Miracula
1520 2524 1757 2593 sancti
1773 2520 2199 2615 Jacobe·,qua
2222 2522 2719 2611 Callistusauc-

570 2660 681 2721 tor
721 2649 878 2721 libri
910 2649 1196 2720 dicitur:
1229 2688 1324 2703 --
1355 2669 1607 2720 nomen
1641 2647 1895 2720 Callisti
1922 2647 1994 2717 in
2028 2622 2225 2717 titulo
2258 2648 2716 2740 supplementi

570 2771 862 2852 secundi,
897 2772 1517 2867 Pseudo-Turpini,
1563 2772 1651 2844 de
1687 2770 2081 2844 inventione
2116 2764 2421 2865 corporis
2460 2774 2715 2870 saucti3

567 2895 1048 2995 -epistolam
1083 2899 1366 2989 Callisti,
1403 2921 1541 2992 qua
1570 2898 1947 2991 Turpinum
1989 2897 2457 2969 authenticum
2486 2898 2715 2970 decla-

477 2999 510 3068 ’-
565 3033 692 3094 rat.
722 3022 982 3092 Horum
1004 3020 1313 3092 omnium
1341 3021 1452 3091 ille
1485 3020 1757 3091 videtur
1780 3021 1971 3090 solus
1988 3031 2226 3091 auctor
2256 3014 2710 3114 reputandus.

663 3145 858 3216 Circa
893 3165 1153 3214 annum
1192 3143 1363 3214 MCL
1405 3143 1562 3214 haec
1611 3140 1945 3214 fabricata
1976 3141 2323 3232 arbitror;
2377 3143 2721 3236 Turpinus

565 3289 737 3360 crgo·
769 3270 916 3360 jam
960 3279 1166 3341 notus
1200 3277 1375 3355 erat,
1409 3266 1857 3358 codicesque,
1894 3265 2013 3358 qui
2060 3266 2310 3344 Callisti
2340 3266 2411 3336 in
2440 3268 2721 3363 supple·-
2825 3322 2829 3326 -

563 3403 796 3463 mento
833 3391 1141 3465 sccu‘ndo
1179 3393 1436 3464 nullam
1470 3391 1895 3464 mentionem
1934 3365 2227 3480 faciunt,
2252 3411 2345 3462 ex
2378 3389 2565 3462 libris
2600 3374 2718 3463 illo

563 3527 876 3610 tempore
909 3516 1370 3588 anterioribus
1397 3517 1724 3612 descripti
1751 3529 1939 3586 sunt.
1970 3516 2245 3588 Certum
2275 3524 2564 3591 estante
2597 3538 2721 3586 an·-

563 3664 732 3712 num
765 3641 1093 3712 MCLXVI
1122 3640 1407 3734 Tui-pini
1449 3640 1696 3711 librum
1725 3639 1795 3709 in
1828 3638 2103 3708 abbatia
2130 3636 2715 3732 Sancti-Dionysii

562 3767 944 3855 exstitiss03
987 3764 1116 3836 hoc
1149 3767 1330 3836 enim
1377 3766 1614 3836 scribit
1652 3763 2235 3858 Aquisgranensis
2278 3761 2569 3840 clericus
2599 3765 2719 3855 qui

559 3912 749 3963 anno
776 3889 894 3961 illo
940 3889 1183 3960 Vitam
1226 3887 1470 3958 Cat-oli
1505 3892 1784 3988 Magni,
1819 3889 2107 3979 jubente
2137 3886 2483 3958 friderico
2522 3887 2545 3955 l
2592 3886 2718 3956 im-

558 4029 874 4111 peratore
909 4013 1040 4108 (3),
1096 4013 1393 4107 scripsit,
1444 4015 1721 4089 tertium
1756 4012 1988 4107 operis
2042 4010 2296 4080 librum
2332 4009 2712 4102 incipiens:

549 4289 584 4296 ..
628 4239 706 4303 (1)
741 4235 806 4290 Τ.
829 4232 996 4301 XXI,
1025 4246 1080 4300 p.
1107 4235 1237 4286 274.

631 4323 706 4395 (2)
747 4323 888 4378 Eum
919 4318 1107 4392 potius
1133 4319 1362 4395 Picaudi
1395 4317 1794 4376 nominandum
1828 4325 2019 4374 censet
2045 4317 2127 4373 vir
2160 4316 2535 4374 doctissimus,

629 4412 700 4484 (3)
741 4413 821 4467 De
846 4425 954 4482 qua
983 4406 1108 4479 vide
1126 4410 1386 4472 Histoire
1407 4412 1677 4481 poetique
1705 4405 1780 4461 de
1809 4403 2264 4477 Charlemaqne,
2290 4422 2347 4478 p.
2374 4412 2464 4474 65.
