3640 5566
1434 682 1754 742 ...11—

526 810 1058 905 terpolationem
1116 812 1532 903 cognovisse
1584 837 1788 909 qnam
1811 869 1832 902 ‚
1910 814 2190 886 dnobus
2255 806 2455 885 annis
2514 822 2675 883 ante

524 936 735 1007 verba
773 936 890 1007 illa
925 938 1206 1031 scripta,
1245 938 1638 1032 detexerat,
1676 950 1751 1012 ut
1781 940 1963 1030 dixi,
1987 951 2181 1035 pater
2216 959 2435 1011 meus.
2471 940 2699 1011 Recte·

529 1070 760 1133 tamen
812 1070 880 1132 et
930 1061 1017 1133 de
1066 1083 1333 1135 summa
1387 1064 1614 1159 operis
1648 1063 1956 1158 judicat,
2014 1071 2116 1153 et,
2178 1062 2249 1133 ni
2317 1062 2538 1147 fallor,
2590 1060 2678 1133 de

529 1187 760 1282 priore
801 1188 1110 1279 ejusdem
1149 1198 1370 1283 parte.
1421 1190 1686 1262 Iudicat
1719 1190 1928 1261 etiam
1972 1186 2480 1282 comparandos
2526 1192 2681 1258 e'sse

188 1296 198 1303 ’
323 1346 328 1355 ·
391 1398 396 1403 ,
530 1312 848 1400 codiceS‚
927 1313 1115 1407 quod
1190 1324 1421 1386 tamen
1475 1314 1620 1409 ipse
1699 1337 1843 1387 non
1901 1313 2102 1401 fecit,
2169 1311 2467 1403 ideoque
2536 1328 2678 1381 non

531 1458 801 1531 semper
844 1458 1053 1530 quam
1101 1438 1379 1533 optimis
1432 1438 1830 1535 opinionem
1870 1458 2065 1509 suam
2128 1435 2424 1508 munivit
2468 1456 2678 1527 argu-

392 1579 394 1582 ·
529 1563 806 1635 mentis,

626 1689 752 1761 11ae
800 1687 1160 1762 doctorum
1217 1689 1304 1765 de
1351 1690 1959 1786 Pseudo-Turpino
2018 1689 2405 1762 sententiae.
2471 1688 2683 1759 Ante-

399 1862 404 1866 ·
531 1835 741 1908 quam
774 1814 922 1909 ipse
947 1814 1106 1886 libri
1124 1815 1466 1908 judicium
1505 1816 1895 1909 aggrediar,
1938 1814 2277 1887 editiones
2308 1824 2378 1885 et
2412 1810 2684 1885 codices

530 1961 826 2032 quorum
866 1939 1033 2011 mihi
1071 1940 1273 2034 copia
1311 1940 1440 2011 fuit
1478 1950 1680 2012 notos
1717 1940 1991 2013 faciam.

1565 2368 1648 2439 ΙΙ.

789 2655 1496 2729 ruendo-Turpia!
1533 2656 1932 2715 editione·
1970 2660 2053 2715 et
2085 2656 2428 2715 οοᾱίοοι.

633 2931 930 3018 Primus,
972 2942 1050 3006 ut
1078 2935 1224 3025 J‘am
1273 2930 1463 3020 dixi,
1513 2930 1750 3004 Simon
1795 2930 2164 3003 Schardius
2212 2933 2496 3027 Turpini
2545 2933 2689 3006 his-

535 3056 785 3128 toriam
809 3108 829 3144 ,
884 3056 1066 3128 inter
1128 3085 1162 3122 κ
1208 3056 1769 3128 Germanicarum
1816 3078 2045 3128 rerum
2101 3068 2399 3149 quatuor
2449 3071 2685 3131 vetus·
2762 3055 2770 3063 ”

535 3180 744 3253 tiores
798 3180 1366 3276 chronographos
1412 3213 1478 3269 ³³,
1543 3182 1991 3272 Francofurti,
2056 3203 2239 3256 anno
2306 3185 2523 3273 1566,
2580 3186 2689 3254 in-

529 3303 704 3390 folio
753 3306 994 3378 edidit.
1047 3305 1223 3379 Mox'
1283 3309 1638 3381 Reuberus
1696 3307 1766 3401 in
1834 3336 1865 3370 t<
1893 3308 2214 3380 Veterum
2280 3308 2689 3403 scriptorum

533 3431 653 3524 qui
707 3432 1049 3503 Caesarum
1113 3441 1181 3503 et
1248 3433 1751 3527 Imperatorum
1802 3431 2358 3525 germanicorum
2414 3456 2525 3505 res
2571 3456 2693 3530 per

534 3555 800 3649 aliquot
848 3557 1096 3629 saecula
1151 3568 1382 3650 gestas
1437 3556 1678 3630 litteris
1733 3557 2155 3629 mandarunt
2204 3567 2394 3631 tomo
2440 3580 2602 3645 uno,
2649 3587 2685 3626 ι

533 3681 993 3770 Francofurti‚
1035 3704 1222 3755 anno
1259 3682 1479 3770 1584,
1520 3681 1822 3773 thesblzb,
1846 3681 2293 3756 Schardiano
2327 3693 2463 3755 tam
2502 3684 2691 3756 simi-

540 3809 673 3878 lem
735 3817 1012 3880 secutus
1083 3817 1187 3879 est
1259 3807 1572 3881 codicem
1633 3818 1708 3880 ut
1768 3809 1997 3882 ambae
2069 3808 2406 3881 editiones
2462 3830 2691 3882 coram

537 3932 773 4005 critico
828 3953 956 4027 pro
1005 3955 1146 4004 una
1197 3932 1438 4004 haberi
1480 3933 1768 4028 possint.
1825 3933 2012 4006 Nihil
2058 3933 2265 4006 etiam
2308 3934 2473 4006 novi
2516 3945 2692 4009 attu-

537 4060 763 4129 lerunt
826 4057 1154 4146 IoanniS,
1213 4058 1335 4150 qui
1407 4058 1704 4131 Reuberi
1791 4058 2266 4131 collectionem
2329 4058 2695 4148 Hanaviae,

537 4203 725 4253 anno
787 4181 1007 4272 1619,
1073 4203 1344 4254 rursum
1403 4183 1813 4278 publicavit,
1890 4184 2001 4257 vel
2075 4183 2512 4275 Reiffenberg
2574 4182 2695 4277 qni

540 4304 1050 4387 Reuberianum
1097 4315 1362 4379 textum
1414 4307 1504 4380 ad
1550 4308 1809 4380 calcem
1863 4307 2066 4403 primi
2125 4306 2499 4380 voluminis
2548 4329 2697 4380 suae

539 4434 835 4530 Philippi
901 4436 1218 4508 Mousket
1270 4435 1590 4508 editionis
1659 4433 1927 4507 affixit.
2001 4432 2201 4507 Dedit
2277 4443 2503 4506 tamen
2583 4432 2695 4504 ille
