3640 5566
1479 643 1562 655 .....
1600 611 1677 671 63
1721 640 1801 654 -.
1930 614 1933 619 ·

560 744 758 833 liber,
812 766 986 836 quas
1030 766 1397 816 numerare
1435 764 1668 839 operae
1719 740 2187 836 pretiumnon
2228 748 2351 811 est.
2396 739 2710 812 Sufficiat

559 874 933 946 Robertum
989 875 1254 967 Gaguin
1317 874 1700 960 nominare,
1763 871 1881 965 qui
1916 869 2123 941 etiam
2174 868 2297 939 sed
2338 868 2705 960 immerito,

561 997 771 1089 solius
821 999 1099 1093 Turpini
1168 998 1682 1071 translationem
1745 993 2245 1087 conscripsisse
2321 1004 2701 1089 reputatur.

561 1119 752 1193 Alias
805 1122 956 1194 dixi
1005 1123 1094 1195 de
1146 1122 1378 1195 libello
1428 1123 1540 1195 cui
1593 1109 1828 1193 titulus
1859 1108 1876 1189 ἑ
1911 1147 1945 1183 «
1974 1116 2081 1187 les
2128 1121 2565 1215 Conquestes
2620 1118 2709 1189 cle

564 1244 1080 1346 Charlemagne
1116 1279 1178 1334 ³2,
1217 1250 1323 1321 vel
1365 1278 1398 1313 α
1426 1248 1782 1320 Fierabras
1809 1275 1871 1335 n,
1910 1246 2109 1335 cujus
2138 1227 2405 1315 tertiam
2441 1254 2702 1339 partem

562 1373 904 1467 Turpinns
935 1372 1167 1445 efficit.
1216 1375 1608 1445 Translatus
1637 1372 1764 1480 iste
1799 1372 1870 1441 in
1900 1369 2327 1465 hispanicam
2372 1380 2443 1441 et
2478 1370 2707 1462 angli-

561 1518 709 1568 cam
749 1497 1056 1587 linguam
1092 1498 1472 1593 Tur-pinum
1517 1497 1590 1567 in
1633 1497 1766 1568 illis
1807 1518 2090 1590 quoque
2128 1494 2532 1587 regionibus
2574 1516 2707 1566 no-

562 1627 707 1689 tum
755 1621 936 1691 fecit.
2537 1599 2543 1606 ⁸

658 1742 1067 1814 Provinciali
1110 1743 1344 1834 lingua
1385 1745 1786 1815 translatum
1820 1743 2029 1815 fuisse
2066 1766 2175 1815 me
2211 1766 2432 1839 nuper
2472 1742 2712 1815 docuit

559 1867 810 1940 Paulus
856 1870 1121 1964 Meyer,
1173 1869 1294 1962 qui
1331 1870 1402 1940 in
1445 1868 1845 1942 Britannico
1887 1871 2148 1943 Musaeo
2191 1845 2711 1943 Londinicodi-

503 1990 515 1999 ’
561 2012 712 2063 cem
753 1994 926 2066 vidit
969 2005 1170 2067 antea
1199 1995 1538 2087 ignotum.

660 2118 983 2189 Germani
1040 2119 1293 2189 saeculo
1331 2128 1534 2189 sexto
1561 2118 1833 2190 decimo
1864 2118 2145 2213 Turpini
2192 2118 2706 2192 translationem

565 2238 745 2335 typis
809 2240 1254 2330 mandavere,
1314 2242 1508 2331 cujus
1563 2240 1832 2313 titulum
1882 2242 2237 2335 quondam
2290 2243 2461 2332 vidi,
2524 2265 2713 2316 nuno

564 2343 1088 2437 rursusshahere
1129 2387 1262 2438 non
1304 2366 1516 2461 potui.
1553 2366 1823 2439 Nostris
1857 2368 2283 2462 temporibus
2322 2368 2712 2441 Fridericus

561 2489 872 2583 Schlegel
909 2490 1097 2561 illum
1132 2491 1198 2560 in
1230 2512 1478 2583 parvas
1514 2491 1893 2563 cantilenas
1917 2492 2285 2583 distribuit,
2321 2515 2515 2566 more
2545 2516 2711 2588 poe·

563 2612 656 2685 sis
683 2614 1147 2710 Hispanorum
1179 2616 1424 2710 epicae,
1473 2616 1964 2709 germanisque
1999 2616 2317 2689 versibus
2361 2618 2707 2692 tractavit.

562 2738 698 2811 Sed
750 2750 818 2812 et
863 2736 1064 2813 antea
1110 2741 1283 2813 libro
1337 2741 1526 2813 dicto
1577 2738 1770 2812 Kar'l
1817 2741 2087 2812 Meinet
2137 2743 2405 2837 poetica
2453 2742 2711 2815 inserta

566 2863 790 2935 fuerat
846 2865 1201 2936 translatio
1248 2864 1379 2957 (l),
1431 2863 1747 2937 batavica
1804 2887 1975 2937 vero
2024 2866 2308 2937 Ioannis
2352 2866 2441 2938 de
2485 2867 2712 2938 Maer-

536 2989 704 3061 ·lant
739 2998 806 3060 et
841 2987 1399 3061 IoannisClerici
1438 2989 2043 3082 compilationibus
2070 2988 2437 3075 historicis,
2492 2992 2603 3061 vel
2641 2989 2713 3060 in

561 3113 713 3185 aliis
764 3111 1097 3205 ejusmodi
1148 3112 1474 3205 operibus
1527 3114 1723 3203 cujus
1779 3112 2171 3208 praecipuus
2217 3113 2373 3183 fons
2421 3111 2716 3184 Vincen-

515 3313 522 3318 ,
562 3237 694 3308 tius
718 3247 867 3308 erat
890 3235 1426 3308 BellovacensiS.
1460 3235 2067 3331 AngliTurpinum
2099 3246 2169 3308 et
2194 3237 2449 3308 saeculo
2469 3236 2715 3330 quinto

559 3364 831 3441 decimo
866 3365 933 3435 in
967 3364 1409 3436 translatione
1443 3363 1596 3435 libri
1631 3363 1796 3435 dicti
1831 3361 2220 3454 Fiet-abtas
2251 3387 2375 3459 per
2402 3359 2516 3435 W.
2543 3366 2718 3437 Cax·

560 3495 678 3558 ton
718 3487 824 3580 (2)
877 3498 944 3558 et
997 3497 1232 3558 nostro
1282 3509 1440 3561 aevo
1493 3487 1972 3583 (MDCCCXII)
2026 3511 2148 3584 per
2182 3488 2482 3559 Thomas
2514 3485 2714 3557 Rodd
2778 3533 2785 3540 ·

558 3625 756 3679 sunm
812 3609 1139 3681 fecerunt.
1201 3611 1679 3710 Scandinavus
1734 3613 1913 3685 tertii
1975 3611 2227 3684 decimi
2276 3609 2517 3684 saeculi
2574 3609 2716 3681 de-

557 3735 845 3808 sinentis
897 3747 1165 3824 auctor,
1225 3739 1343 3831 qui
1396 3739 1805 3812 veteriorem
1865 3738 2105 3810 Caroli
2171 3738 2422 3836 Magni
2476 3736 2712 3807 Histo-

557 3857 738 3927 riam
763 3859 1183 3955 compilavit,
1222 3862 1598 3956 Turpinum
1629 3883 1915 3957 quoque
1942 3863 2157 3958 epicis
2200 3859 2713 3933 narrationibus

559 3985 832 4058 miscuit
898 3984 1033 4082 (3).
1097 3987 1239 4058 [tali
1307 3986 1584 4083 proprie
1647 3988 2165 4060 translationem
2226 3985 2509 4081 Turpini
2574 4005 2713 4056 non
2766 3977 2771 3982 ’

625 4208 698 4280 (1)
735 4210 821 4264 De
850 4206 958 4265 hoc
986 4206 1131 4265 libro
1159 4206 1285 4264 vide
1314 4211 1575 4265 Histoire
1599 4210 1872 4282 poetique
1904 4207 1979 4264 de
2017 4206 2475 4278 Charlemayne,
2501 4221 2555 4279 p.
2585 4209 2709 4262 12⁶1.

629 4296 702 4367 (2)
736 4295 880 4354 Vide
909 4299 1067 4353 Hist.
1093 4295 1243 4369 poe't.
1275 4296 1348 4353 de
1373 4295 1836 4369 chartamque,
1861 4312 1918 4369 p.
1951 4301 2075 4353 15⁷.

632 4385 704 4457 (8)
733 4386 818 4442 De
844 4385 936 4441 illa
959 4385 1635 4458 Karlamaqnits·Saqa‚
1654 4384 1778 4442 vide
1803 4383 1907 4454 ib.‚
1932 4400 1987 4457 p.
2020 4390 2143 4441 ¹49.
