3640 5566
1452 645 1534 692 —'-
1574 649 1769 708 29.—

636 777 784 846 Jam
841 779 1191 868 nonnullis
1256 779 1558 850 ostendit
1617 780 1883 852 Lebeuf
1935 769 2356 870 argumentis
2417 786 2685 868 tempus

526 877 721 971 'eirca
747 898 952 974 finem
988 902 1328 976 undecimi
1359 903 1585 975 saeculi
1620 904 1728 974 vel
1764 903 2033 974 initium
2072 900 2460 974 duodecimi
2498 879 2688 992 quae-

538 1024 858 1097 rendum.
910 1027 988 1096 In
1027 1029 1326 1122 capitulo
1364 1051 1611 1124 nempe
1640 1029 1797 1102 XlV
1829 1028 2309 1100 describuntur
2347 1055 2379 1088 «
2405 1024 2688 1097 ordines

538 1150 657 1240 qui
698 1158 894 1222 erant
934 1149 1005 1222 in
1042 1153 1366 1224 convivio
1392 1153 1614 1225 Caroli
1641 1183 1700 1236 »ς
1737 1153 1930 1226 videt
1957 1152 2432 1244 Aigolandus«
2464 1170 2684 1242 quos-

538 1271 698 1344 dam
749 1273 989 1348 habitu
1035 1278 1418 1350 monachali
1452 1288 1603 1351 atro
1645 1288 1888 1366 teetOS,
1935 1277 2270 1372 quosdam
2308 1274 2686 1348 canonicali

538 1397 776 1471 habitu
830 1400 1143 1491 indutos,
1196 1405 1538 1496 quosdam
1585 1404 1877 1476 clericali
1920 1403 2156 1475 habitu
2203 1412 2414 1474 tectos
2457 1428 2527 1471 ι.
2579 1402 2689 1470 In-

543 1525 922 1618 terroganti
972 1528 1093 1621 qui
1151 1528 1287 1600 sint
1350 1530 1744 1625 respondet·
1775 1530 2054 1602 Carolus
2099 1555 2114 1599 :
2167 1557 2201 1593 α
2247 1528 2436 1612 Quos
2488 1525 2687 1597 vides

488 1660 498 1672 ·
537 1648 745 1720 unius
776 1651 1026 1722 coloris
1070 1652 1349 1725 indutos
1378 1654 1681 1750 episcopi
1716 1665 1783 1727 et
1816 1654 2202 1726 sacerdotes
2231 1661 2488 1724 nostrae
2518 1649 2687 1742 legis

540 1782 698 1844 sunt
705 1825 985 1847 .........
1009 1777 1198 1862 Quos
1228 1777 1468 1849 habitu
1498 1789 1650 1850 atro
1685 1778 1909 1868 videS,
1945 1777 2261 1850 monachi
2301 1786 2371 1849 et
2404 1775 2688 1847 abbates

541 1894 637 1965 illi
682 1897 1054 1970 sanctiores
1090 1910 1248 1970 sunt
1260 1951 1430 1972 ......
1469 1900 1661 1985 Quos
1706 1901 1940 1972 habitu
1983 1899 2278 1972 candido
2307 1899 2538 1983 videS‚
2580 1919 2688 1968 ca·

540 2019 772 2091 nonici
819 2023 1165 2114 regulares
1218 2023 1569 2096 dicuntur.
1600 2054 1634 2089 >2
1698 2026 1902 2110 Quod
1963 2024 2337 2096 monachos
2393 2033 2690 2094 tantum-

538 2144 748 2216 modo
792 2147 1063 2240 nigros,
1128 2150 1318 2242 quod
1380 2150 1751 2224 canonicos
1800 2150 2097 2223 candido
2155 2149 2436 2221 indutos
2486 2147 2692 2220 vesti-

538 2282 773 2343 mento
816 2275 1087 2344 noverit
1124 2289 1398 2362 auctor,
1443 2275 1675 2346 abbati
1716 2275 1986 2348 Lebeuf
2023 2276 2358 2348 indicium
2391 2284 2493 2345 est
2519 2249 2686 2344 'eum

538 2395 721 2468 circa
749 2395 953 2478 finem
976 2398 1323 2470 undecimi
1360 2389 1595 2472 saeculi
1625 2400 1978 2494 scripsisse
2003 2399 2132 2495 (1).
2167 2396 2358 2470 Idem
2387 2397 2691 2469 ostendit

539 2518 611 2590 in
642 2523 941 2616 capitulo
968 2524 1130 2595 XlX
1155 2524 1524 2618 disputatio
1554 2525 1962 2618 theologica,
1999 2525 2072 2595 in
2101 2545 2238 2617 qua
2269 2533 2430 2595 ante
2457 2522 2689 2597 omnia

540 2646 882 2718 Trinitatis
934 2649 1193 2741 dogma
1230 2649 1619 2722 defenditur
1673 2661 1740 2723 et
1790 2652 2175 2746 explicatur
2233 2676 2249 2720 ε
2314 2650 2447 2720 hoc
2504 2648 2686 2719 enim

540 2786 855 2870 spectare
893 2775 1169 2849 videtur
1212 2777 1295 2849 ad
1334 2777 1812 2850 refutationem
1860 2775 2226 2864 Roscelini,
2268 2775 2414 2869 qui,
2457 2785 2534 2846 ut
2567 2796 2690 2847 no·

542 2910 686 2971 tum
736 2911 865 2992 est,
923 2902 1009 2975 de
1062 2903 1389 2975 Trinitate
1444 2914 1792 2977 erraverat
1848 2913 1916 2975 et
1974 2924 2158 2975 anno
2199 2900 2443 2973 MXCII
2489 2899 2686 2971 dam-

542 3039 745 3098 natus
788 3027 945 3099 fuit.
1048 3079 1055 3088 ‚
1768 3034 1775 3043 '

635 3151 1020 3246 Capitulum
1051 3153 1451 3226 vicesimum
1484 3177 1592 3253 res
1623 3153 2240 3249 Compostellenses
2273 3172 2547 3222 rursum
2586 3158 2689 3221 at·

542 3259 779 3368 tingit,
842 3278 1263 3372 alteramque
1317 3280 1539 3351 Caroli
1586 3280 1817 3373 Magni
1877 3279 1966 3351 ad
2021 3278 2409 3373 sepulcrum
2473 3277 2686 3350 sancti

538 3401 772 3496 Jacobi
803 3402 985 3473 viam
1019 3415 1281 3491 narrat,
1313 3425 1637 3498 novaque
1664 3405 1809 3496 ejus
1837 3405 1905 3475 in
1930 3403 2280 3475 basilicam
2306 3380 2689 3506 benefacta.

540 3526 678 3599 Sed
715 3536 1049 3620 quantum
1086 3528 1202 3601 illa
1228 3520 1282 3601 'a
1316 3529 1661 3625 prioribus
1702 3523 1992 3602 distant!
2037 3530 2190 3601 Non
2226 3529 2370 3619 jam
2403 3556 2434 3591 ιι
2464 3526 2692 3598 tintin-

541 3650 813 3725 nabulis
847 3662 915 3725 et
954 3653 1210 3748 palliis,
1280 3654 1468 3726 libris
1523 3655 1905 3749 ceterisque
1942 3650 2358 3727 ornamentis
2391 3680 2424 3716 υ
2465 3651 2695 3743 Eccle-

538 3777 712 3849 siam
748 3778 934 3849 illam
973 3778 1169 3869 beat,
1223 3780 1381 3868 sed,
1440 3808 1475 3845 α
1500 3781 1886 3853 coadunato
1919 3780 1988 3850 in
2025 3779 2198 3879 urbe
2229 3776 2690 3872 Compostella

540 3903 1024 3999 episcoporum
1048 3881 1127 4001 et
1145 3906 1527 4002 principum
1552 3906 1878 3996 concili0,
1910 3906 2225 3991 instituit,
2248 3926 2484 3977 amore
2506 3904 2690 3977 beati

539 4028 802 4122 Jacobi,
847 4031 1038 4124 quod
1073 4032 1299 4103 cuncti
1334 4032 1663 4127 praesules
1703 4042 1772 4105 et
1806 4031 2155 4127 principes
2186 4040 2254 4102 et
2273 4024 2481 4123 ⁸reges
2514 4030 2692 4130 chri-⁴

542 4152 773 4246 suani,
804 4155 1088 4250 Hispani
1116 4157 1375 4229 scilicet
1410 4167 1482 4231 et
1515 4156 1901 4245 Galletiani,
1932 4165 2308 4252 praesentes
2350 4168 2418 4229 et
2457 4154 2690 4259 futuri,

615 4428 692 4496 (1)
728 4429 880 4486 ΗΜ.
904 4428 1097 4487 Acad.
1118 4432 1331 4498 lmen,
1362 4428 1408 4488 l.
1438 4428 1479 4488 1.
