3640 5566
1526 1228 1660 1303 DE

546 1430 2638 1665 PSEUDO-TURPINo.

533 2753 542 2760 ·
614 2658 824 2733 Pauci
850 2667 1126 2730 exstant
1157 2658 1312 2730 libri
1351 2660 1471 2753 qni
1505 2670 1575 2733 et
1613 2658 1839 2749 medio
1878 2680 2037 2731 aevo
2076 2658 2296 2751 magis
2323 2659 2683 2735 floruerint

516 2796 585 2859 et
618 2785 1008 2858 recentibus
1035 2786 1466 2879 temporibus
1502 2787 1684 2859 inter
1725 2785 1968 2859 doctos
2002 2782 2323 2868 homines
2368 2788 2690 2882 frequen-

533 2911 669 2983 tius
708 2909 963 2982 versati
1019 2911 1268 2982 fuerint
1313 2900 1396 2984 ac
1437 2912 1550 2985 illa
1579 2933 1741 3006 quae
1775 2911 1987 3004 vulgo
2032 2910 2434 2983 nominatur
2470 2941 2504 2977 α
2533 2914 2689 2986 His-

534 3036 712 3108 toria
752 3035 976 3108 Caroli
1011 3035 1255 3128 Magni
1303 3046 1373 3108 et
1409 3037 1701 3111 Rolandi
1739 3066 1808 3128 ι»,
1844 3035 2185 3130 Turpino,
2217 3037 2538 3108 Remensi
2580 3061 2691 3111 ar-

536 3158 973 3256 chiepiscopo
1000 3215 1018 3252 ,
1072 3161 1442 3256 adscripta.
1484 3163 1692 3256 Cujus
1740 3153 1809 3235 et
1865 3160 2185 3257 permulti
2223 3161 2426 3234 nobis
2477 3162 2694 3236 relicti

535 3297 695 3360 sunt
722 3287 992 3360 codices
1020 3287 1496 3384 manuscripti,
1520 3299 1590 3362 et
1615 3289 1926 3384 quinque
1955 3276 2135 3382 typis
2165 3287 2514 3360 mandatae
2547 3289 2695 3361 edi-

535 3415 796 3504 tiones;
835 3414 1046 3506 longe
1089 3422 1323 3487 tamen
1370 3415 1600 3509 plures
1629 3413 1983 3504 invenieS‚
2018 3411 2073 3484 si
2120 3421 2186 3484 et
2215 3413 2697 3486 translationes

535 3539 886 3612 addideris
941 3548 1009 3610 et
1074 3539 1214 3611 fere
1275 3538 1676 3612 innumeros
1729 3537 2232 3611 Chronicomm
2285 3537 2652 3633 scriptores
2670 3592 2690 3630 ,

538 3664 747 3738 variis
779 3672 1050 3736 utentes
1089 3662 1367 3753 linguis,
1405 3666 1525 3756 qui
1578 3662 1862 3760 Turpini
1904 3661 2153 3733 librum
2196 3661 2342 3732 suis
2386 3661 2696 3766 inserue-
2732 3752 2749 3766 .

538 3799 699 3861 runt
733 3787 1056 3861 historiis.
1116 3789 1320 3860 Deest
1370 3797 1640 3876 tamen,
1684 3809 1823 3881 qua
1875 3810 1985 3859 me
2032 3785 2366 3872 maxime,
2414 3785 2549 3859 hoc
2582 3809 2701 3880 ag-

537 3915 965 4008 gredientem
1013 3914 1461 4010 opusculum,
1513 3913 1826 4007 indigere
1862 3911 2092 4003 dolui,
2155 3911 2370 3984 editio
2422 3910 2699 4001 critica3

539 4041 728 4114 etde
768 4052 1106 4134 tempore,
1157 4047 1482 4127 auctore,
1524 4061 1737 4111 causa
1778 4039 1986 4131 hujus
2036 4036 2191 4107 libri
2243 4037 2428 4110 docti
2466 4038 2703 4110 etiam-

539 4187 724 4237 nunc
762 4165 1068 4260 plerique
1123 4163 1561 4236 dissentiunt.
1610 4164 1768 4238 Non
1818 4183 1931 4233 me
1975 4161 2295 4255 equidem
2354 4183 2558 4256 spero
2612 4161 2703 4233 de

542 4291 868 4363 omnibus
892 4290 1039 4361 istis
1064 4289 1401 4381 integram
1432 4299 1501 4361 et
1529 4285 2146 4384 inexpugnabilem
2179 4285 2468 4357 reddere
2498 4307 2697 4381 posse

547 4416 913 4504 rationem3
951 4414 1088 4486 hoc
1133 4414 1329 4486 enim
1374 4413 1470 4484 illi
1514 4413 1790 4486 demum
1842 4412 2245 4503 contingere
2296 4432 2500 4504 posse
2550 4410 2703 4505 opi-

2367 4549 2388 4594 1
