3640 5566
1495 642 1694 703 ——715
1739 672 1820 687 ....

571 773 778 844 nullae
800 786 1157 867 gestormn
1191 772 1584 855 cantilenae,
1631 785 1705 845 ut
1749 776 1825 845 in
1877 774 2331 867 sequentibus
2368 774 2713 869 capituliS‚

569 898 697 969 sub
728 897 943 968 latina
969 896 1362 970 narratione
1400 908 1863 995 transparent.

666 1024 836 1094 Duae
877 1022 1257 1093 maximum
1289 1044 1402 1093 res
1435 1025 1767 1096 notandae
1799 1052 1814 1094 ε
1850 1023 2205 1118 scriptoris
2233 1024 2453 1118 pietas
2472 1032 2540 1093 et
2566 1022 2724 1094 His-

568 1147 973 1241 panicarurn
1015 1167 1242 1217 rerum
1293 1146 1604 1219 scientia.
1651 1148 1833 1219 Nihil
1890 1144 2230 1239 narratur‘,
2279 1154 2527 1241 praeter
2567 1146 2723 1217 His-

570 1271 813 1367 panica
861 1256 1213 1366 quaedam,
1261 1251 1453 1363 quod
1497 1272 1588 1342 ad
1640 1272 1963 1367 pietatem
2018 1291 2159 1342 non
2214 1280 2514 1365 spectet3
2570 1293 2716 1341 non

567 1395 1053 1470 describuntur
1122 1396 1360 1491 proelia
1394 1449 1414 1485 ,
1478 1419 1618 1468 non
1681 1400 2078 1470 referuntur
2138 1419 2494 1469 sermones
2519 1449 2539 1485 ,
2600 1396 2721 1469 sed

568 1545 806 1617 preces
863 1524 1088 1595 solum
1145 1532 1214 1594 et
1281 1523 1646 1610 miracula,
1707 1534 1775 1596 et
1834 1523 2161 1613 breviter,
2222 1544 2364 1595 non
2408 1535 2710 1595 narratae

567 1670 804 1719 verum
853 1647 1242 1736 affirmatas,
1294 1648 1628 1721 victoriae.
1681 1649 1752 1719 Si
1799 1648 2136 1741 quaeritur
2174 1669 2335 1741 quae
2378 1667 2591 1719 causa
2630 1648 2720 1719 ad

565 1772 750 1844 hunc
820 1773 1068 1844 librum
1141 1773 1585 1845 scribendum
1659 1773 2010 1869 impulerit
2074 1782 2425 1844 auctorem
2454 1827 2474 1865 ,
2552 1772 2719 1844 nihil

565 1896 748 1970 aliud
789 1897 1092 1970 voluisse
1130 1897 1521 1970 invenietur
1559 1920 1640 1969 ac
1677 1907 1998 1971 sanctum
2032 1898 2371 2000 Iacobum
2401 1895 2719 1969 laudibus

565 2025 896 2095 extollere
941 2036 1009 2095 et
1050 2022 1290 2094 fideles
1345 2022 1606 2094 hortari
1660 2024 1750 2095 ad
1806 2023 2222 2096 visitandum
2281 2025 2435 2116 ejus
2486 2023 2722 2119 sepul-

561 2168 798 2238 crum3
850 2170 1064 2241 quare
1119 2150 1190 2218 S.
1248 2148 1578 2219 Iacobum
1640 2170 1951 2244 persaepe
2000 2148 2266 2220 inducit
2328 2173 2345 2217 z
2405 2146 2518 2219 ille
2568 2156 2713 2229 est,

563 2274 681 2365 qui
747 2273 991 2344 Carolo
1041 2272 1414 2344 somnianti
1474 2282 1760 2368 apparet
1818 2294 2124 2366 eumque
2184 2274 2252 2343 in
2317 2272 2718 2367 Hispaniam

560 2390 659 2469 ire
690 2398 928 2489 jubet,
983 2398 1096 2469 ille
1153 2396 1221 2468 in
1276 2397 1453 2469 coelo
1509 2395 1877 2467 stellarum
1917 2399 2121 2476 viam
2166 2398 2367 2489 jubet
2412 2398 2718 2492 resplen-

562 2521 751 2610 dere,
794 2544 954 2616 quae
1021 2522 1150 2593 iter
1203 2532 1558 2611 monstret,
1624 2521 1923 2616 haecque
1970 2523 2119 2613 regi
2172 2521 2389 2594 dicit:
2436 2522 2722 2594 «Cami-

561 2668 726 2717 num
755 2648 1104 2719 stellarum
1143 2670 1346 2740 quem
1381 2648 1446 2718 in
1489 2646 1672 2721 coelo
1709 2648 1973 2737 vidisti,
2002 2648 2133 2719 hoc
2152 2646 2495 2741 significat
2530 2647 2722 2742 quod

563 2782 632 2842 tu
671 2795 826 2844 cum
870 2794 1126 2866 magno
1162 2772 1468 2844 exercitu
1510 2770 1605 2845 ad
1661 2743 2215 2868 expugnandam
2264 2781 2543 2864 gentem
2601 2789 2721 2867 pa·-

563 2919 903 3001 ganorum
938 2897 1289 2992 perfidam,
1323 2907 1390 2969 et
1414 2898 1845 2970 liberandum
1875 2899 2001 2971 iter
2022 2900 2252 2970 meum
2278 2909 2343 2970 et
2380 2899 2718 2988 tellurem,

565 3032 634 3094 et
661 3021 753 3094 ad
768 3021 1188 3095 visitandam
1237 3021 1585 3094 basilicam
1625 3045 1849 3093 meam
1875 3033 1943 3094 et
1962 3022 2464 3118 sarcophagum
2486 3045 2717 3095 meum

564 3147 655 3219 ab
676 3145 782 3218 his
822 3147 961 3218 oris
998 3169 1218 3240 usque
1247 3146 1713 3218 adGalletiam
1728 3146 1949 3218 iturus
1966 3169 2079 3238 eS‚
2118 3157 2185 3219 et
2209 3157 2367 3242 post
2391 3157 2457 3219 te
2473 3168 2719 3219 omnes

566 3272 825 3367 populi,
860 3294 900 3344 a
938 3271 1109 3343 mari
1155 3293 1371 3364 usque
1425 3271 1518 3342 ad
1570 3293 1758 3343 mare
1808 3271 2373 3366 peregrinantes,
2440 3272 2720 3344 veniam

564 3396 964 3469 delictorum
995 3419 1282 3468 suorum
1338 3417 1378 3466 a
1429 3395 1726 3468 Domino
1777 3397 2225 3492 impetrantes
2253 3397 2419 3470 illuc
2468 3397 2718 3470 iterum

564 3521 721 3593 ituri
756 3531 1000 3594 sunt...
1034 3521 1095 3592 A
1124 3531 1434 3616 tempore
1452 3543 1619 3593 vero
1647 3521 1804 3593 vitae
1831 3531 1971 3594 tuae
1998 3523 2329 3616 usquead
2359 3523 2715 3617 praesentis

565 3646 800 3720 saeculi
839 3645 1048 3718 finem
1066 3646 1288 3718 ibunt.
1323 3647 1522 3718 Nunc
1536 3658 1764 3718 aulem
1799 3669 2013 3743 perge
2040 3670 2185 3742 qua,
2210 3647 2409 3720 citius
2433 3647 2713 3743 poteris,

564 3772 728 3867 quia
763 3793 894 3862 ego
927 3793 1046 3844 ero
1085 3771 1451 3843 auxiliator
1493 3784 1646 3843 tuus
1692 3771 1764 3842 in
1813 3773 2228 3844 omnibus...
2262 3802 2297 3838 n
2323 3773 2409 3845 Et
2435 3796 2509 3845 re
2554 3793 2720 3844 vera

568 3897 831 3968 nullum
864 3895 1366 3991 promptiorem
1401 3895 1888 3968 auxiliatorem
1917 3896 1987 3966 iu
2032 3896 2213 3969 bello
2259 3895 2470 3970 habet
2512 3898 2719 3969 Caro·

567 4020 671 4092 lus
714 4043 922 4115 quam
948 4021 1313 4128 Iacobum3
1354 4043 1568 4114 quum
1599 4044 1672 4092 se
1710 4022 2185 4117 Pampilonam
2222 4032 2476 4119 'capere
2513 4043 2717 4116 posse

564 4142 908 4241 desperat,
941 4146 1272 4218 Jacobum
1317 4147 1593 4218 invocat
1631 4174 1645 4215 :
1680 4176 1713 4211 ε(
1738 4147 1795 4217 Ο
1828 4147 2032 4219 beate
2056 4149 2336 4236 Jacobe,
2370 4147 2429 4220 si
2469 4168 2713 4219 verum

563 4271 896 4365 estquod
931 4271 1098 4342 mihi
1135 4271 1538 4367 adparuisti,
1586 4270 1675 4344 da
1730 4271 1897 4343 mihi
1948 4295 2194 4368 capere
2241 4273 2449 4346 illam.
2500 4275 2715 4355 Tunc,

569 4397 710 4468 Deo
745 4397 1047 4467 donante
1067 4408 1134 4468 et
1181 4397 1384 4469 beato
1420 4396 1682 4469 Iacobo
1720 4408 1991 4486 orante,
2026 4398 2203 4469 muri
2252 4396 2533 4494 collapsi
2567 4397 2719 4467 fun-
