3640 5566
1431 609 1507 621 -.
1550 578 1628 637 65
1668 607 1748 623 .-

516 710 884 807 imperiali
903 710 1244 781 Parisina
1277 715 1666 792 &eruanturss
1683 710 1781 805 ad
1805 731 2093 803 regnum
2122 714 2349 785 Caroli
2379 714 2645 809 Magni:

528 864 562 899 c<
596 839 814 905 Gesta
836 833 1098 904 Karoli
1119 834 1395 931 Magne}
1437 838 1875 904 Francorum
1900 836 2105 931 regzlr,
2134 861 2314 931 opus
2340 861 2517 907 cura
2546 838 2653 934 (1)

516 962 1015 1056 magistrorum
1058 958 1352 1027 „Ioannis
1392 958 1640 1027 Boveri
1681 972 1754 1026 ec
1805 956 2182 1029 Guillermc'
2201 960 2513 1030 Bouchet
2542 985 2657 1031 ac-

513 1058 951 1153 curatelrsc‘me
985 1083 1447 1179 castclgatum.
1489 1107 1524 1148 »
1571 1081 1877 1151 Remittit
1910 1096 2142 1153 autem
2182 1083 2505 1155 lectorem
2543 1108 2656 1155 ca-

519 1209 782 1301 talogus
831 1208 922 1279 ad
971 1207 1172 1277 aliam
1210 1186 1611 1293 sectionem,
1644 1202 2087 1275 Fabularam
2124 1206 2383 1280 scilicet
2417 1220 2659 1277 roma-

516 1337 894 1421 nensium,
926 1336 1122 1427 cujus
1189 1334 1417 1406 adhuc
1484 1321 1786 1406 ineditus
1848 1335 2241 1426 catalogus3
2313 1358 2439 1407 nec
2490 1337 2655 1407 mihi

411 1452 417 1469 ¹
517 1457 789 1531 ostendi
814 1458 985 1530 liber
1013 1460 1158 1553 ipse
1188 1458 1439 1552 potuit,
1473 1480 1676 1551 quem
1724 1458 2057 1552 cyclicum
2088 1458 2443 1553 quoddam
2480 1481 2661 1555 opus
2774 1514 2791 1525 .

517 1584 605 1653 de
638 1583 878 1655 Carolo
918 1582 1171 1674 Magno
1201 1602 1352 1652 esse
1396 1580 1800 1651 arbitrabar.
1854 1580 2101 1673 Reperi
2144 1590 2369 1651 tamen
2418 1581 2489 1649 in
2525 1582 2661 1651 lau-

518 1707 680 1776 dato
718 1727 928 1799 opere
959 1706 1072 1775 cui
1100 1705 1379 1776 titulus:
1425 1732 1460 1767 «
1502 1695 1913 1799 Bibliopolae
1948 1701 2416 1773 Enchiridion
2435 1734 2469 1769 >2
2500 1726 2660 1797 quae

518 1828 685 1901 mihi
735 1830 890 1922 quis
937 1839 1117 1901 esset
1161 1829 1331 1899 liber
1380 1828 1510 1899 iste
1555 1829 1721 1899 satis
1759 1828 2212 1915 declararent,
2260 1831 2659 1923 quanquam

519 1964 762 2026 auctor
791 1954 936 2050 ipse
970 1952 1415 2023 Karolellam
1443 1976 1584 2024 non
1613 1954 2040 2043 agnovisset.
2646 1961 2652 1967 '

618 2076 758 2148 Sed
815 2086 1058 2170 postea
1095 2076 1178 2147 V.
1231 2076 1328 2147 Cl.
1372 2076 1605 2146 Victor
1641 2076 1734 2145 Le
1779 2074 1971 2148 Clerc
2030 2096 2145 2146 me
2190 2074 2427 2146 docuit
2474 2074 2661 2145 hunc

522 2202 751 2295 ipsum
800 2201 1056 2270 librum
1088 2206 1272 2271 anno
1305 2197 1698 2270 MDCCCLV
1723 2220 1766 2269 a
1806 2198 2092 2271 doctore
2120 2199 2469 2270 Merzdorf
2491 2225 2543 2297 .“
2566 2184 2663 2271 'ex

522 2326 730 2399 unico
763 2325 1075 2397 Parisino
1116 2324 1352 2396 codice
1385 2352 1421 2389 n
1467 2346 1706 2395 rursus
1757 2324 1937 2419 typis
1983 2322 2379 2395 mandatum
2424 2324 2655 2408 fuisse,

521 2472 826 2543 moxque
852 2448 1032 2519 hanc
1061 2447 1430 2519 editionem
1465 2457 1532 2517 et
1569 2448 1639 2517 in
1662 2448 1941 2518 Graessii
1975 2477 2009 2511 «
2040 2446 2447 2545 Thesauro.»
2476 2447 2663 2519 indi·-

443 2650 446 2653 ,
523 2582 742 2644 catam
791 2570 934 2642 vidi
973 2581 1040 2641 et
1099 2571 1244 2664 ipse
1297 2570 1631 2664 inspicere
1676 2572 1891 2664 potui.
1945 2572 2221 2643 Constat
2263 2567 2665 2640 Karolellus

531 2706 791 2791 septem
851 2696 1079 2783 libris,
1141 2694 1457 2767 versibus
1510 2695 1929 2767 hexametris
2001 2696 2429 2791 conscriptis,
2490 2716 2669 2788 quo-

533 2842 686 2890 rum
720 2821 792 2890 in
828 2821 1044 2915 prima
1103 2833 1294 2912 parte
1347 2820 1642 2912 quisque
1682 2842 1837 2891 cum
1884 2821 2101 2924 altero
2123 2821 2449 2915 proximo
2501 2840 2669 2889 con-

534 2958 759 3032 sonat,
817 2945 939 3017 sed
978 2935 1160 3016 'mox
1208 2945 1398 3017 labor
1428 2953 1659 3016 tantus
1713 2944 1801 3016 ab
1855 2946 2170 3039 imperito
2213 2954 2413 3040 poeta
2451 2945 2669 3036 negli-

538 3068 740 3156 gitur.
779 3071 1058 3164 Turpini
1099 3070 1402 3141 codicem
1433 3092 1581 3164 prae
1639 3092 1716 3141 se
1749 3069 2174 3142 versificator
2206 3069 2507 3141 habebat
2548 3069 2668 3160 qui

526 3193 672 3280 jam
725 3193 1333 3288 Sandionysiacam
1395 3194 1989 3288 interpolationem
2051 3192 2458 3282 admiserat3
2526 3213 2663 3262 non

538 3327 766 3408 potest
792 3340 957 3410 ergo
994 3319 1136 3406 ille,
1171 3330 1250 3390 ut
1282 3319 1634 3391 Merzdorf
1663 3319 2079 3414 suspicatur,
2109 3319 2292 3391 idem
2324 3340 2405 3389 ac
2432 3328 2671 3390 auctor

536 3439 1124 3534 Pseudo-Turpini
1179 3463 1350 3512 esse.
1400 3442 1678 3512 Librum
1731 3441 2040 3533 sequitur
2085 3451 2287 3534 poeta
2337 3442 2425 3511 ab
2474 3440 2669 3511 initio

534 3584 752 3654 usque
789 3562 877 3634 ad
924 3563 1159 3651 finem,
1220 3565 1385 3634 satis
1418 3562 1736 3636 fideliter.
1795 3567 2092 3658 Reputat
2145 3561 2509 3644 Merzdorf,
2552 3565 2671 3657 qui

538 3687 1005 3782 Ciampianam
1032 3690 1399 3761 editionem
1443 3704 1514 3760 et
1552 3692 2023 3784 supplementa
2050 3688 2499 3761 Lambeciana
2528 3709 2670 3758 non

539 3812 758 3898 novit,
800 3834 957 3883 eum
991 3814 1182 3883 varia
1232 3813 1684 3907 interpolasse
1725 3836 1887 3906 quae
1927 3826 2153 3886 tamen
2197 3813 2267 3882 in
2316 3813 2489 3882 libro
2525 3812 2667 3901 jam

542 3947 922 4030 repererat;
985 3935 1163 4008 inter
1211 3959 1371 4030 quae
1425 3939 2004 4008 enumerationem
2068 3937 2338 4008 urbium
2401 3935 2671 4007 notabi-

417 4053 424 4060 ’
544 4082 722 4150 muS,
763 4081 936 4153 quas
987 4061 1268 4132 Carolus
1315 4061 1385 4132 in
1427 4061 1751 4155 Hispania
1791 4061 1991 4155 cepit.
2043 4062 2309 4134 Nedum
2367 4083 2519 4133 eam
2563 4060 2669 4167 ip-

614 4326 689 4389 (1)
724 4325 886 4381 Cura
915 4323 1083 4381 deest.
1135 4350 1144 4358 ·
