3640 5566
1903 663 1984 679 ....
2022 635 2102 695 28
2140 665 2222 679 .-

983 765 1097 858 plo
1134 775 1271 836 tuae
1302 759 1663 860 probitatis
1690 766 1978 838 animati
2027 766 2096 838 in
2151 766 2348 838 bellis
2385 767 2887 838 Saracenorum
2946 739 3127 838 mor-

977 885 1084 957 tui
1113 894 1181 956 et
1210 865 1526 958 morituri
1553 894 1713 957 sunt
1740 885 2154 966 delictorum
2177 909 2460 976 suorum
2485 871 2792 959 omnium
2816 887 3123 975 veniam,

984 1021 1054 1082 et
1088 991 1219 1082 illis
1250 1011 1368 1105 qui
1408 1033 1725 1084 nummos
1772 1012 1866 1085 ad
1915 1000 2400 1086 aedificandam
2442 1013 2819 1085 Ecclesiam·
2851 1013 3021 1085 dant
3062 1023 3131 1084 et

983 1136 1211 1231 daturi
1266 1137 1811 1230 sunt.gravioris
1863 1139 1968 1209 sui
2026 1137 2334 1212 vulneris
2392 1139 2846 1211 medicamina
2891 1160 2936 1210 a
2983 1139 3130 1210 Deo

982 1261 1373 1355 impetravi.
1416 1263 1539 1348 His
1588 1284 1629 1334 a
1674 1255 1840 1353 re‘ge
1886 1263 2137 1355 relatiS‚
2189 1262 2420 1358 populi
2457 1285 2780 1335 nummos
2825 1264 3131 1336 saluber-

872 1463 875 1467 ,
986 1387 1183 1458 rimae
1219 1386 1695 1482 permissionis
1728 1387 2178 1486 devotissime
2208 1376 2619 1476 offerebant,
2651 1399 2720 1461 et
2755 1389 2875 1482 qui
2911 1388 3131 1461 liben-

986 1512 1123 1584 tius
1158 1511 1495 1585 reddebat
1528 1517 1854 1586 Francus
1907 1514 2147 1584 sancti
2185 1515 2517 1606 Dionysii
2549 1513 2807 1608 ubique
2835 1495 3133 1587 vocaba-

990 1647 1123 1726 tur,
1165 1637 1448 1731 quando
1483 1636 1657 1722 liber
1702 1639 1789 1710 ab
1844 1640 2033 1710 omni
2070 1639 2424 1726 servitute,
2460 1661 2619 1732 rege
2661 1639 3129 1735 praecipiente,

990 1774 1171 1854 era13
1215 1763 1377 1841 hinc
1420 1785 1571 1835 mos
1612 1763 1939 1855 surrexit,
1973 1774 2047 1835 ut
2088 1774 2268 1836 terra
2303 1763 2446 1851 illa,
2482 1785 2648 1857 quae
2691 1773 2894 1835 antea
2933 1785 3138 1836 voca-

988 1888 1194 1960 batur
1234 1885 1497 1974 Gallia,
1554 1897 1718 1959 tunc
1766 1889 2088 1958 Francia
2131 1896 2498 1962 vocaretur
2522 1945 2541 1978 ,
2577 1888 2781 1961 idest
2816 1888 2904 1960 ab
2944 1890 3135 1960 omni

990 2013 1323 2088 servitute
1373 2013 1661 2086 aliarum
1687 2013 2000 2104 gentium
2057 2013 2313 2104 libera3
2358 2023 2778 2108 quapropter
2815 2017 3141 2084 Francus

989 2137 1164 2210 liber
1206 2139 1477 2227 dicitur,
1523 2139 1685 2232 quia
1728 2160 1939 2232 super
1993 2159 2236 2211 omnes
2261 2147 2504 2230 gentes
2551 2138 2722 2210 alias
2761 2138 3139 2210 dominatio

992 2275 1061 2336 et
1120 2263 1331 2335 decus
1387 2244 1483 2335 illi
1552 2262 1872 2335 debetur.
1921 2292 1954 2329 n
1983 2262 2477 2335 Monachorum
2539 2264 2760 2334 sancti
2827 2263 3138 2360 Dionysii

992 2411 1275 2460 manum
1307 2388 1418 2460 hic
1444 2387 1928 2480 agnoscimuS,
1975 2387 2278 2481 ideoque
2325 2387 2550 2459 codex
2583 2386 2643 2456 A
2679 2384 2778 2480 (et
2828 2409 2985 2458 cum
3025 2387 3141 2458 illo

995 2514 1070 2608 S)
1122 2513 1446 2583 omnibus
1482 2499 2045 2605 anteponenUUS,
2103 2511 2224 2606 qui
2285 2520 2589 2583 ceterum
2641 2510 3144 2582 vetustissimus

996 2647 1122 2708 est.
1165 2637 1315 2708 Alia
1356 2638 1565 2709 etiam
1594 2637 1834 2708 ceteris
1878 2636 2160 2709 meliora
2197 2637 2440 2726 habet,
2479 2635 2647 2707 utin
2676 2633 2980 2730 capitulo
3015 2659 3137 2727 xn,

992 2761 1177 2856 quod
1236 2761 1519 2839 nomina
1571 2771 2032 2858 pugnatorum
2077 2759 2409 2851 continet,
2465 2759 2817 2833 nonnullis
2871 2760 3142 2833 insulsis

992 2888 1347 2959 sententiis
1379 2888 1665 2979 indiget,
1700 2908 1875 2980 quas
1925 2885 2145 2958 textui
2203 2886 2558 2957 inseruere
2611 2885 2858 2959 scrihae
2911 2896 3142 2981 poste-

995 3012 1247 3103 riores;
1292 3013 1416 3099 sic,
1470 3023 1832 3107 postquam
1870 2996 2254 3083 Rolandum
2311 3011 2775 3099 nominarunt,
2827 3010 3134 3083 addunt:

992 3166 1029 3202 α
1053 3136 1248 3208 Alius
1269 3147 1494 3209 tamen
1518 3120 1868 3209 Rolandus
1891 3136 2037 3223 fuit,
2059 3135 2147 3207 de
2175 3156 2318 3229 quo
2345 3135 2548 3208 nobis
2572 3135 2920 3207 silendum
2949 3148 3084 3228 est3
3109 3164 3144 3201 κ

992 3262 1302 3335 similiter
1336 3273 1493 3358 post
1527 3266 2034 3353 Arastagnum:
2067 3290 2102 3325 «
2128 3260 2321 3333 Alius
2353 3256 2658 3355 tempore
2689 3261 2884 3333 istius
2917 3284 3045 3334 rex
3070 3262 3143 3333 in

991 3386 1347 3459 Britannia
1384 3396 1555 3471 erat,
1580 3388 1669 3459 de
1703 3408 1844 3480 quo
1879 3386 2137 3457 mentio
2164 3408 2350 3458 nunc
2371 3386 2768 3481 adplenum
2792 3408 2934 3458 non
2963 3387 3077 3477 fit3
3101 3416 3138 3453 a

990 3516 1149 3607 post
1189 3512 1605 3603 Engelerum
1644 3537 1689 3617 :-
1714 3538 1749 3575 α
1788 3513 2128 3604 Tempore
2169 3510 2364 3582 istius
2406 3510 2728 3603 Engeleri
2779 3521 2928 3584 erat
2969 3512 3142 3583 alius

994 3658 1225 3710 comes
1278 3640 1350 3708 in
1400 3636 1811 3731 Aquitania,
1875 3637 2131 3709 scilicet
2189 3636 2259 3707 in
2322 3637 2496 3709 urbe
2545 3638 3006 3728 Pictavorum,
3058 3638 3144 3710 de

990 3779 1136 3856 quo
1166 3783 1311 3834 non
1345 3772 1449 3833 est
1474 3761 1687 3833 modo
1710 3762 2108 3853 dicendum,
2141 3784 2183 3827 ·»
2205 3774 2272 3833 et
2305 3762 2438 3833 alia
2476 3762 2746 3847 similia,
2763 3784 2942 3855 ·-quae
2977 3762 3049 3833 in
3084 3761 3147 3833 A

895 3930 897 3935 ·
996 3886 1271 3959 desunt.
1328 3886 1534 3971 Quod
1583 3896 1813 3959 tamen
1861 3886 1932 3957 in
1988 3884 2053 3957 A
2110 3884 2487 3980 capitulum
2551 3908 2661 3955 xxi
2724 3885 3148 3958 desideretur

998 4012 1347 4105 scriptoris
1384 4012 1609 4105 potius
1670 4012 1870 4105 culpa
1909 4032 1992 4083 ac
2023 4010 2279 4107 codicis
2318 4010 2634 4082 meritum
2663 4032 2814 4083 esse
2854 4011 3147 4085 videtur.

1088 4138 1293 4209 Hunc
1318 4120 1485 4231 ergo
1517 4128 1789 4209 textum
1802 4138 1923 4230 qui
1947 4137 2022 4208 in
2052 4136 2117 4209 A
2155 4136 2364 4209 datur
2403 4136 2868 4232 inspiciamus.
2902 4136 3152 4210 Aucto-

1000 4286 1144 4335 rem
1184 4262 1446 4335 Gallum
1475 4264 1683 4335 fuisse
1710 4274 1779 4335 et
1803 4263 2128 4335 clericum
2155 4252 2391 4355 negari
2421 4284 2561 4335 non
2591 4272 2836 4358 potest.
2858 4264 3149 4349 Quando

1001 4397 1072 4461 et
1109 4388 1225 4460 ubi
1269 4389 1612 4483 scripserit
1647 4389 2225 4481 investigandum.
2280 4452 2282 4455 ,
2511 4402 2526 4409 ”
3047 4404 3050 4407 ’
