3640 5566
1858 648 1937 661 -..
1978 620 2056 679 64
2095 648 2179 663 -

943 736 1260 809 videntur
1288 741 1650 835 habuisse;
1685 748 1808 819 sed
1850 728 2140 823 omnem
2177 750 2355 822 illius
2400 750 2890 837 narrationem,
2930 770 3084 842 per·

945 865 1218 957 magnis
1261 868 1542 959 quidem
1581 877 1737 943 cum
1795 875 2305 967 additamentiS,
2355 877 2681 948 Nicolans
2715 875 3087 948 Patavinus

944 990 1258 1061 versibus
1293 994 1542 1082 retulit,
1597 996 1728 1069 hoc
1767 1000 1988 1074 mixto
2044 1006 2361 1074 sermone
2408 1024 2617 1095 quem
2643 998 3088 1093 franco-ita-

950 1110 1222 1182 lianum
1265 1116 1907 1218 alibi'nuncupavi‚
1960 1148 2323 1220 prosaeque
2378 1123 3089 1197 italianae'commissa

946 1236 1192 1310 librum
1241 1243 1610 1335 septimum
1655 1247 1915 1340 (adhuc
1950 1248 2317 1345 ineditum)
2352 1247 2727 1347 Regalium
2768 1246 3089 1318 Franciae

941 1362 1174 1435 effecit
1219 1366 1345 1460 (1).
1426 1368 1535 1440 Sic
1589 1370 1870 1467 Turpini
1940 1376 2171 1447 fabula
2246 1377 2485 1448 orbem
2546 1368 3084 1470 perambulavit,

941 1489 1290 1563 omnibus
1299 1505 1517 1584 grata,
1554 1498 1886 1570 omnibus
1920 1512 2223 1594 accepta,
2272 1501 2499 1573 donec
2538 1518 2904 1571 renascens
2932 1518 3087 1568 cum

939 1614 1184 1687 ceteris
1223 1617 1424 1689 bonis
1453 1622 1694 1692 studiis
1729 1605 2037 1697 Historia
2070 1647 2221 1696 eam
2271 1635 2718 1719 aspernanter
2748 1622 3001 1715 rejecit.

1930 2008 2102 2079 Vlll.

1049 2438 1347 2509 Tertium
1381 2439 1721 2511 decimum
1752 2441 2081 2513 saeculum
2125 2441 2406 2545 Turpiui
2440 2439 2794 2514 historiam
2826 2422 2963 2515 non
2988 2466 3094 2515 so-

947 2560 1086 2632 lum
1131 2564 1518 2652 transtulit,
1579 2565 1703 2637 sed
1761 2566 1967 2637 etiam
2032 2566 2240 2637 latine
2310 2565 2752 2639 versificavit.
2824 2568 3092 2639 Primus

871 2731 873 2733 -
941 2685 1341 2759 Franciscus
1383 2688 1656 2777 Michel,
1724 2689 1814 2761 ad
1854 2690 2107 2786 calcem
2174 2669 2560 2759 Cantilenae
2604 2683 2912 2759 Rolandi
2955 2689 3085 2787 (2),

943 2814 1146 2883 refert
1176 2813 1252 2883 in
1299 2795 1693 2886 Britannico
1741 2816 2005 2909 Musaeo
2035 2815 2347 2894 codicem
2381 2825 2683 2911 exstare.
2748 2818 3093 2888 sexcentis

941 2940 1142 3010 annis
1174 2941 1386 3012 ferme
1417 2941 1806 3035 antiquum,
1854 2941 1923 3011 in
1970 2961 2113 3034 quo
2136 2956 2427 3035 poema
2446 2940 2818 3012 includitur
2862 2941 3091 3013 titula·

943 3073 1153 3136 tum.
1208 3068 1529 3137 Historia
1589 3068 1885 3168 Turpi'm
1949 3067 2312 3136 Remensis
2370 3064 2917 3162 a rcheepereopl
2984 3067 3095 3137 Sic

941 3191 1432 3288 concluditur:

1228 3389 1300 3444 Et
1328 3387 1454 3460 quia
1483 3387 1747 3460 descripsi
1771 3387 2015 3445 breviter
2038 3395 2155 3444 tam
2184 3387 2370 3446 nobile
2399 3388 2628 3458 bellum,

1225 3477 1468 3550 Sept-ima
1494 3481 1839 3550 postremum
1868 3476 2161 3535 concludat
2188 3486 2337 3535 meta
2361 3470 2646 3547 libellum;

1225 3566 1300 3622 Et
1327 3565 1455 3638 quia
1483 3574 1637 3640 gesta
1666 3574 1819 3623 tenet
1850 3566 2047 3624 Karoli
2074 3565 2257 3624 brevis
2283 3565 2388 3624 iste
2422 3565 2665 3634 libellus»,

1230 3658 1562 3729 Imponatur
1585 3657 1635 3714 ei
1663 3657 1949 3730 proprium
1977 3672 2186 3714 nomen
2212 3660 2266 3712 K
2270 3655 2569 3715 arolellus.

930 3881 933 3886 -
1040 3834 1194 3906 Alio
1241 3843 1469 3905 tamen
1520 3834 1650 3905 sub
1703 3833 1927 3921 titulo,
1985 3835 2242 3906 saeculo
2299 3826 2541 3928 quinto
2594 3834 2892 3920 decimo,
2949 3829 3093 3907 ‘h'oc

944 3978 1120 4052 opus
1151 3959 1560 4054 impressum
1595 3968 1720 4028 est.
1753 3958 2033 4051 Legitur
2062 3959 2243 4029 enim
2276 3958 2347 4029 in
2385 3957 2727 4056 Catalogo
2756 3957 3093 4030 librorum

944 4084 1044 4157 ad
1066 4083 1408 4184 gallicam
1457 4085 1831 4155 historiam
1866 4086 2339 4182 spectantium
2382 4086 2512 4182 qui
2550 4086 2627 4154 in
2667 4081 3093 4156 Bibliotheca

1014 4297 1111 4363 (1)
1127 4291 1266 4350 Vide
1299 4290 1401 4363 ἰΒ.,
1433 4308 1487 4364 p.
1524 4297 1648 4361 176,
1680 4295 1804 4386 ¹⁸⁷⁸.

1015 4385 1094 4455 (2)
1130 4384 1194 4439 Ρ.
1221 4386 1349 4449 244,
1374 4380 1432 4437 in
1458 4388 1608 4438 nota.
