3640 5566
1399 727 1480 741 ...
1519 696 1596 757 23
1636 724 1718 739 .-

509 848 660 897 sum
691 828 954 922 antiqui
993 829 1220 924 operis
1273 830 1672 925 prologum,
1727 838 2030 899 attamen
2080 808 2238 897 huic
2279 823 2647 918 praefix'um

511 949 718 1022 fuisse
747 962 904 1023 aute
932 953 1359 1045 sequentium
1395 954 1854 1048 capitulorum
1884 950 2405 1023 fabricationem
2426 1002 2455 1034 ,
2480 947 2652 1019 Tur·

511 1073 810 1167 pinoque
859 1076 1066 1147 libelli
1121 1077 1686 1149 attributionem?
1720 1077 1841 1147 His
1893 1074 2121 1147 verbis
2157 1071 2591 1146 concluditur
2627 1096 2643 1138 :

510 1222 544 1259 α
581 1196 668 1267 Et
718 1219 805 1268 ne
859 1198 1016 1290 quis
1063 1198 1444 1299 ammonitu
1487 1198 1937 1296 suspectionis
1983 1218 2189 1291 super
2232 1195 2366 1269 hoc
2400 1192 2653 1272 dubius

511 1319 871 1410 habeatur,
900 1323 1288 1395 testimonio
1310 1322 1691 1396 auctentico
1707 1321 2066 1395 vetustatis
2090 1318 2378 1410 suffulti,
2412 1338 2653 1411 quem*

513 1444 676 1517 libet
705 1444 1008 1518 fidelium
1037 1448 1318 1520 credere
1354 1456 1714 1521 monemus
1735 1448 1866 1519 hec
1890 1444 2127 1519 omnia
2151 1444 2501 1521 deservire
2526 1465 2652 1520 ye-

514 1570 718 1641 ritati.
761 1572 1205 1667 Quecumque
1241 1574 1423 1645 enim
1455 1574 1703 1668 pagine
1735 1594 1948 1666 quam
1988 1594 2117 1667 pro
2165 1570 2483 1668 manibus
2527 1570 2653 1645 hae·

512 1695 753 1766 bemus
802 1698 1236 1769 continentur
1276 1700 1565 1791 gremio,
1617 1700 1707 1769 ab
1759 1696 2249 1791 antiquissimis
2292 1695 2657 1790 hystoricis

513 1818 703 1891 libris
739 1820 1041 1893 Ecclesie
1079 1823 1256 1895 beati
1294 1824 1529 1896 Jacobi
1578 1825 1666 1896 de
1707 1823 2005 1897 Gallecia
2052 1822 2289 1895 habita
2329 1831 2489 1896 sunt
2523 1844 2656 1895 ex·-

514 1951 765 2037 tracta3
810 1946 1097 2040 proinde
1136 1947 1296 2019 huic
1329 1951 1660 2044 opusculo
1688 1972 1830 2021 non
1856 1962 1960 2020 est
1997 1948 2169 2019 fides
2199 1947 2607 2040 ,deneganda
2630 2003 2651 2038 ,

512 2090 728 2162 quum
760 2080 1093 2151 eteorum
1122 2074 1430 2145 calamus
1455 2075 1664 2167 hujus
1694 2074 1976 2146 historie
2002 2074 2337 2167 interpres
2363 2074 2651 2163 exsti-tit,

514 2195 582 2265 in
613 2217 932 2295 ⁴quorum
986 2198 1298 2292 partibus
1363 2199 1644 2272 istarum
1713 2222 1943 2272 rerum
1994 2199 2280 2291 contigit
2334 2210 2647 2271 eventus.

511 2320 780 2406 Quibus
816 2324 1213 2411 auctoribus
1249 2326 1576 2397 cert-iores
1616 2326 1842 2396 effecti
1883 2324 2265 2419 hystoriam
2298 2324 2658 2416 diligenter

513 2468 968 2540 exequamur.
1010 2478 1046 2513 n
1074 2450 1229 2521 Non
1261 2471 1428 2543 ergo
1466 2450 1788 2545 Turpini,
1830 2449 1952 2522 sed
1983 2458 2296 2522 veterum
2324 2450 2661 2544 Compos-

514 2572 814 2643 tellensis
828 2574 1152 2655 Ecclesiae
1176 2574 1506 2647 librorum
1537 2574 1947 2647 auctoritate
1975 2575 2183 2646 fultus
2215 2571 2485 2668 prologi
2502 2596 2664 2646 auc-

515 2709 621 2767 tor
662 2698 868 2772 fidem
897 2700 1077 2771 libro
1115 2700 1573 2773 adhibendam
1615 2722 1765 2773 esse
1812 2709 2091 2800 censet,
2126 2701 2320 2796 quod
2353 2701 2476 2773 vix
2516 2702 2660 2773 fac·-

435 2905 442 2912 ,
515 2840 658 2901 tum
705 2827 916 2898 fuisse
943 2825 1348 2899 crediderim
1373 2878 1394 2914 ,
1429 2827 1487 2899 si
1520 2827 1877 2920 sequentia
1918 2829 2253 2922 capitula,
2296 2827 2370 2899 in
2406 2827 2659 2921 quibus

517 2939 858 3049 Turpinus
883 2961 962 3022 ut
987 2959 1227 3022 auctor
1254 2951 1338 3022 de
1365 2973 1440 3022 se
1464 2951 2159 3045 loquensinducitur,
2188 2951 2653 3042 cognovisset.

613 3078 748 3150 Sed
787 3085 854 3148 et
890 3075 1176 3166 vestigia
1213 3075 1532 3168 quaedam
1570 3076 1853 3169 reperiri
1888 3084 2211 3170 possunt,
2260 3075 2330 3145 in
2356 3075 2661 3148 Ecclesia

517 3201 1083 3298 Compostellensi
1121 3201 1478 3294 ,quondam
1508 3200 1904 3295 opinionem
1947 3200 2252 3292 viguisse
2282 3200 2661 3273 narrationi
2785 3233 2793 3241 ·

441 3377 445 3382 -
519 3338 909 3411 nostrorum
939 3327 1390 3422 capitulorum
1417 3347 1556 3398 non
1583 3326 1987 3398 dissimilem
2010 3351 2030 3414 ;
2064 3324 2267 3397 docet
2296 3325 2480 3397 enim
2507 3326 2661 3399 Flo-

520 3454 736 3526 rezius
765 3481 800 3517 α
833 3451 1202 3524 Ecclesiam
1232 3450 1853 3546 compostellanam
1881 3471 2103 3543 usque
2138 3449 2211 3521 in
2245 3449 2655 3523 hodiernum

518 3579 702 3652 diem
729 3578 1278 3649 anniversarium
1313 3576 1384 3648 in
1417 3576 1748 3649 honorem
1770 3577 1991 3648 Caroli
2015 3577 2285 3669 Magni,
2315 3577 2428 3649 die
2460 3588 2661 3652 sexto

515 3689 710 3789 lolii,
762 3703 1152 3791 celebrare,
1209 3711 1288 3772 ut
1331 3702 1449 3794 qui
1488 3701 1584 3773 illi
1635 3701 1707 3772 in
1754 3700 2019 3793 magnis
2058 3701 2265 3772 donis
2302 3700 2661 3777 benefece-

520 3831 606 3902 rit
637 3827 769 3926 (1).
810 3856 845 3894 ιι
874 3827 1094 3912 Quam
1128 3826 1520 3920 opinionem
1541 3882 1559 3917 ,
1595 3835 1671 3896 ut
1699 3847 1738 3896 a
1775 3825 2063 3898 veritate
2094 3825 2299 3895 nimis
2332 3826 2655 3918 alienam,

477 3951 480 3955 ’
521 3965 835 4026 auctores
867 3951 1190 4021 Heli-tortae
1239 3947 1816 4046 compostellanae
1852 3969 1990 4020 non
2021 3947 2492 4037 admiserunt,
2541 3952 2665 4024 sed

520 4080 703 4150 illam
749 4076 970 4148 Caroli
1011 4051 1264 4166 Magni·
1291 4074 1688 4146 memoriam
1739 4074 1933 4144 aliter
1976 4073 2443 4169 explicarunt,
2502 4097 2661 4148 eum

522 4223 769 4297 nempe
803 4211 1157 4273 narrantes
1191 4220 1232 4270 a
1265 4200 1492 4295 Leone
1513 4219 1695 4294 papa
1722 4198 2237 4270 translationem
2264 4197 2665 4295 episcopalis

593 4475 670 4540 (1)
704 4469 959 4545 Eepana
984 4468 1278 4542 sayrada,
1298 4475 1339 4524 t.
1367 4467 1532 4535 XIX,
1563 4481 1617 4538 p.
1649 4471 1738 4522 68.
