3640 5566
60 626 67 858 -ff-ssw
62 523 65 584 -...
63 455 65 504 --

1010 796 1697 892 -Compostellanam
1754 800 2043 895 scripta,
2097 814 2167 873 et
2225 802 2424 895 quasi
2480 802 2776 896 primum
2843 810 2912 871 et
2969 797 3196 870 adhuc

1054 919 1295 993 rudem
1330 932 1647 994 conatum
1683 923 1894 996 fuisse
1931 925 2368 1020 reliquiarum
2403 926 2617 997 sancti
2643 924 2882 996 Jacobi
2915 922 3198 995 sinceri-

1056 1054 1262 1118 tatem
1326 1045 1868 1134 demonstrandi:
1936 1050 2124 1122 Circa
2170 1051 2609 1124 undecimum
2662 1050 2996 1122 saeculum
3057 1069 3198 1118 me-

1054 1170 1245 1242 dium
1291 1193 1374 1244 ea
1420 1174 1801 1270 composita
1848 1175 2056 1248 fuisse
2095 1187 2403 1272 putarem
2449 1203 2467 1247 ε
2513 1198 2648 1248 non
2687 1184 2975 1270 possunt
3009 1172 3196 1246 enim

1052 1298 1250 1370 facile
1310 1297 1696 1394 antiquiora
1747 1301 1972 1392 credi,
2046 1324 2258 1396 quum
2309 1300 2822 1394 Lotbaringiam
2875 1297 3065 1394 (cap.
3128 1295 3196 1394 l)
3290 1294 3296 1299 ’

1052 1422 1445 1514 nominent,
1506 1443 1667 1515 quae
1694 1444 1839 1496 vox
1885 1433 2054 1528 ante⁸
2095 1423 2341 1498 decimi
2397 1424 2631 1496 saeculi
2681 1422 2887 1495 finem
2945 1422 3193 1516 scripta

1052 1547 1240 1620 haud
1275 1547 1650 1620 invenitur.
2138 1640 2142 1644 Ι

1150 1675 1316 1746 Haec
1360 1673 1659 1769 suspicio
1687 1674 1896 1747 variis
1944 1674 2369 1770 argumentis
2415 1676 2806 1748 roboratur.
2864 1673 3194 1748 Videmus

1050 1799 1234 1871 enim
1262 1798 1353 1890 in
1373 1798 1481 1870 his
1504 1800 1817 1894 capitulla
1835 1801 2364 1896 Compostellam
2391 1801 2599 1873 semel
2634 1798 2996 1890 nominari,
3028 1798 3194 1869 hoc-

960 1934 966 1938 ’
1052 1947 1189 2018 que
1218 1923 1451 1996 addito
1478 1951 1495 1995 ε
1522 1953 1554 1990 c<
1581 1925 1902 2018 quamvis
1928 1934 2094 1997 tune
2130 1924 2456 2024 temporis
2486 1947 2696 2020 parva
2726 1954 2760 1990 »
2785 1923 2877 2020 (c.
2914 1922 3035 2020 ΙΙΙ)
3061 1923 3189 2018 (1).
3315 1999 3324 2008 .

1050 2051 1131 2122 ln
1166 2037 1754 2123 narranda'Caroli
1788 2050 2018 2142 Magni
2063 2050 2153 2122 ad
2188 2051 2260 2120 S.
2289 2051 2623 2122 Iacobum
2656 2048 3196 2145 peregrinatione

1051 2173 1187 2245 hoc
1213 2195 1467 2247 nomen
1494 2172 1866 2263 omittitur,
1901 2183 1971 2244 et
2007 2183 2272 2246 tantum
2303 2172 2550 2245 dicitur
2594 2199 2611 2244 ε
2668 2201 2701 2238 α
2725 2171 3017 2246 Visitato
3049 2194 3193 2246 sar-

1050 2299 1368 2395 cophago
1394 2301 1575 2374 beati
1602 2299 1841 2372 Jacobi
1860 2355 1879 2388 ,
1923 2299 2111 2372 ve'nit
2155 2300 2240 2371 ad
2284 2304 2692 2370 Petronum.
2725 2329 2758 2365 2>
2811 2303 3194 2369 Petronum

1051 2447 1221 2499 vero
1248 2426 1433 2497 illam
1466 2435 1730 2521 petram
1756 2425 2103 2526 vocabant
2126 2426 2237 2497 cui
2270 2425 2431 2496 ratis
2462 2426 2736 2518 alligata
2768 2426 3008 2514 fuerat,
3039 2447 3198 2519 quae

1052 2549 1270 2623 sancti
1313 2546 1551 2618 Jacobi
1594 2568 1846 2646 corpus
1899 2545 2100 2617 Iriam
2145 2547 2562 2633 advexerat,
2619 2556 2688 2618 et
2723 2546 2812 2618 ab
2857 2546 2986 2618 hac
3026 2568 3196 2618 voce

1054 2673 1341 2767 sumpsit
1389 2671 1521 2743 lria
1576 2671 1807 2744 Flavia
1861 2693 2113 2744 nomen
2160 2692 2424 2744 novum
2481 2670 2581 2740 El
2623 2669 2942 2754 Pedron,
3007 2673 3198 2766 quod

1053 2820 1240 2870 nunc
1280 2797 1491 2892 paulo
1537 2805 1872 2867 mutatum
1917 2794 2014 2865 El
2044 2792 2331 2866 Padron
2369 2806 2594 2869 sonat.
2659 2796 2785 2867 Hic
2813 2817 2981 2889 ergo
3013 2798 3196 2867 nulla

1057 2923 1350 3017 vestigia
1396 2921 1758 2994 simultatis
1803 2921 1980 2992 inter
2033 2920 2355 2994 Iriam'et
2399 2922 2963 3017 Compostellam3
3021 2932 3093 2994 at
3123 2920 3195 2991 in

1054 3050 1195 3123 fine
1238 3041 1586 3120 undecimi
1627 3046 1862 3120 saeeuli
1898 3046 2245 3119 discordia
2293 3048 2470 3119 inter
2519 3069 2639 3119 eas
2689 3046 2998 3119 civitates
3043 3056 3196 3120 orta

1055 3186 1191 3266 est,
1251 3196 1464 3271 quum
1514 3183 1807 3277 utraque
1855 3171 2319 3267 episcopalem
2371 3150 3074 3266 titulum’asfeetaret,
3129 3184 3196 3245 et

1053 3301 1425 3376 discordiae
1461 3298 1643 3369 illius
1681 3299 1751 3370 in
1790 3298 2236 3392 sequentibus
2260 3299 2571 3394 capitulis
2607 3300 3040 3372 manifestum
3070 3321 3193 3397 ap-

1054 3435 1249 3524 paret
1294 3432 1798 3522 argumentum.
1861 3424 2125 3495 Nomen
2175 3423 2403 3519 ipsum
2449 3425 2932 3518 Compostella‚
2989 3426 3109 3520 qui
3155 3448 3197 3498 a

1054 3576 1305 3648 eampo
1342 3548 1566 3620 stellae.
1602 3548 1939 3639 originem
1981 3549 2270 3623 traxisse
2298 3550 2576 3639 dicitur,
2616 3560 2774 3624 ante
2812 3550 3021 3623 finem
3061 3573 3195 3623 sae-

1055 3680 1191 3781 culi
1229 3674 1477 3749 decimi
1514 3694 1657 3745 non
1692 3685 2016 3770 apparet,
2051 3686 2120 3747 et
2150 3676 2220 3747 in
2258 3677 2625 3751 undecimo
2662 3700 2806 3751 non
2837 3678 3188 3771 frequens3

1055 3805 1181 3879 sed
1209 3801 1546 3900 posterius
1569 3821 1707 3872 non
1739 3800 2074 3894 potuisset
2099 3801 2172 3873 in
2197 3802 2313 3875 tali
2339 3804 2732 3877 narratione
2757 3826 2932 3901 pene
2953 3802 3196 3877 omitti.

1053 3929 1314 4003 Deinde
1354 3927 1425 3998 in
1464 3926 1762 4021 capitulo
1803 3926 2045 4018 quinto
2073 3927 2415 4001 beneficia
2450 3930 2840 4011 referuntur
2881 3932 3042 4023 qu'ae
3076 3928 3200 4000 Ca-

1060 4056 1245 4129 rolus
1291 4050 1479 4124 beati
1521 4050 1761 4124 Jacobi
1801 4050 2110 4123 basilicae
2157 4054 2480 4145 eontulit,
2523 4053 3049 4126 «tintinnabula
3079 4052 3202 4126 sci-

1057 4182 1213 4254 licet
1239 4177 1607 4275 palliaque,
1639 4176 1854 4249 libros
1879 4171 2242 4273 ceteraque
2269 4190 2758 4271 ornamenta»,
2783 4202 2944 4274 quae
2971 4178 3200 4253 omnia

1129 4456 1207 4525 (1)
1244 4445 1456 4521 ciampi
1473 4443 1605 4521 legit
1632 4462 1921 4523 perperam
1941 4448 2142 4523 qualis
2163 4465 2265 4525 pro
2291 4452 2582 4524 quamvis.
