3640 5566
1903 666 2190 726 ...8-

774 889 781 898 .
889 887 893 893 ,
958 799 1232 871 litterati
1274 799 1405 869 sibi
1436 799 1731 873 invicem
1762 799 1972 874 fidem
2009 801 2297 890 addant,
2337 811 2405 874 et
2447 801 2609 873 ideo
2656 821 2864 893 quam
2912 799 3108 870 facile

958 925 1355 1019 exemplum
1394 922 1603 996 unius
1666 927 1864 1003 multi
1927 938 2292 1023 sequentes
2351 948 2654 999 errorem
2724 945 2910 1020 saepe
2965 944 3108 994 non

953 1051 1178 1122 levem
1216 1050 1347 1122 sibi
1399 1077 1436 1117 «
1482 1051 1681 1144 quasi
1723 1073 2044 1126 cursores
2093 1083 2128 1120 ³>
2176 1053 2474 1124 tradant.
2529 1051 2906 1147 Turpinum
2961 1049 3112 1121 Flo-

959 1175 1201 1249 rentiae
1216 1195 1401 1248 anno
1416 1173 1651 1249 MDCC
1660 1176 1991 1250 CXXVIII
2010 1177 2222 1250 homo
2242 1176 2599 1273 operosior
2608 1197 2813 1270 quam
2830 1174 3114 1268 gravior

957 1301 1220 1396 Ciampi
1263 1301 1503 1391 edidit,
1548 1303 1669 1395 qui
1708 1303 1927 1397 Baylii
1968 1302 2618 1376 commentationem
2651 1323 2867 1393 quum
2905 1300 3116 1372 semel

932 1427 1257 1518 legisset,
1288 1426 1525 1520 ibique
1562 1437 1631 1500 et
1676 1428 1990 1499 Gaufridi
2018 1427 2383 1524 epistolam
2417 1427 2534 1519 (ab
2583 1426 2958 1498 Oihenarto
2993 1425 3118 1496 de·

961 1550 1297 1647 cerptam)
1348 1563 1417 1624 et
1457 1551 1794 1626 Guidonis
1831 1553 2068 1625 Allard
2111 1575 2317 1648 quam
2363 1551 2658 1647 exposui
2710 1551 3118 1623 sententiam

959 1678 1379 1770 invenisset,
1428 1679 1601 1753 duas
1652 1701 1763 1751 res
1796 1663 1978 1751 ‘illas
2047 1678 2144 1751 ita
2201 1677 2478 1750 miscuit
2527 1687 2596 1750 et
2659 1675 3120 1764 conturbavit,

965 1813 1043 1876 ut
1088 1803 1241 1875 haec
1279 1804 1351 1874 in
1381 1778 1809 1900 praefatione
1843 1804 2213 1876 scriberet:
2255 1831 2288 1867 ιι
2327 1807 2415 1874 In
2451 1827 2549 1872 un
2585 1799 2826 1872 codice
2862 1797 3128 1871 vedetio

964 1926 1059 1998 da
1136 1932 1235 2000 M.
1292 1925 1637 1998 Pc’laeenart
1694 1926 1852 2024 (sic)
1862 1981 2004 2000 .....
2067 1953 2190 1998 era
2241 1951 2386 1998 una
2435 1923 2856 2024 prefazione
2881 1927 2884 1932 ’
2909 1923 3041 1996 che
3089 1927 3129 1996 ὲ

958 2055 1307 2150 νζυονῐαια
1349 2051 1475 2122 nel
1509 2050 1904 2124 dizionario
1949 2051 2136 2124 della
2167 2054 2389 2124 storia
2428 2053 2678 2123 critica
2715 2049 2840 2121 del
2870 2049 3118 2144 Bayle,

962 2201 1003 2246 e
1025 2173 1127 2273 su
1167 2177 1415 2246 scritta
1459 2159 1560 2246 da
1592 2201 1688 2247 un
1738 2176 1848 2246 cal
1883 2173 2229 2272 Gosfredo
2261 2178 2506 2274 priore
2543 2174 2664 2248 del
2695 2176 3126 2246 monasterio

970 2298 1053 2370 di
1088 2304 1170 2370 S.
1228 2297 1517 2370 Andrea
1566 2298 1645 2370 dc·
1685 2301 1970 2372 Vienna
2005 2300 2127 2371 nel
2156 2301 2517 2386 Delfinato
2545 2299 2764 2396 (anno
2809 2299 3053 2396 1092).
3087 2329 3122 2366 >2

898 2486 902 2491 ,
968 2423 1205 2515 Illum,
1249 2447 1423 2520 pene
1460 2426 1978 2519 incredibilem,
2024 2426 2384 2499 memoriae
2423 2427 2532 2498 vel
2579 2425 2823 2498 calami
2857 2425 3126 2519 lapsum

975 2550 1172 2621 mulli
1238 2551 1350 2645 pie
1413 2551 1948 2645 rescripserunt,
2007 2561 2084 2622 ut
2127 2551 2499 2622 verborum
2559 2551 2936 2623 ditissimus
2979 2551 3126 2640 ille,

974 2675 1387 2760 eruditionis
1450 2698 1712 2771 pauper
1756 2677 2066 2752 Ferrario
2087 2728 2108 2766 ,
2152 2677 2272 2769 qui
2327 2675 2529 2749 etiam
2588 2674 2939 2746 Pilzenart
2994 2697 3133 2746 non

970 2800 1197 2872 omisit
1244 2800 1375 2899 (1).
1410 2802 1906 2897 Excusandum
1957 2812 2189 2875 lamen
2227 2803 2413 2900 apud
2461 2802 2649 2874 viros
2689 2802 2810 2896 qui
2849 2801 3134 2897 Turpini

972 2926 1253 2998 brevem
1308 2937 1377 2999 et
1432 2928 1879 3000 desultoriam
1922 2901 2342 2999 mentionem
2382 2927 2760 3017 faciebant3
2821 2927 2991 3021 quid
3049 2928 3136 2999 de

975 3061 1213 3123 nostro
1266 3051 1682 3141 dicendum,
1728 3052 1849 3145 qui
1904 3075 2032 3125 nec
2071 3053 2441 3138 Oihenart‚
2499 3074 2626 3124 nec
2668 3052 2894 3147 ipsum
2927 3052 3137 3147 Bayle

978 3176 1207 3267 legere
1240 3176 1594 3267 dignatus»,
1635 3177 1904 3250 Italiani
1941 3175 2224 3249 editoris
2253 3176 2719 3248 testimonium
2756 3197 2879 3271 pro
2914 3176 3138 3249 Evan-

979 3299 1143 3392 gelii
1182 3301 1427 3390 verbo,
1469 3310 1548 3372 ut
1581 3301 1846 3391 dicunt,
1893 3301 2186 3373 habuit?
2221 3304 2579 3373 Lectorem
2627 3314 2853 3371 tamen
2904 3311 3138 3373 monet
3269 3386 3278 3395 ⁸

978 3423 1287 3495 Gaufridi
1309 3424 1672 3520 epistolam
1702 3427 1890 3523 apud
1921 3428 2130 3523 Bayle
2164 3435 2233 3499 et
2258 3414 2588 3499 Oienhart
2622 3426 2777 3518 (sic)
2809 3424 3133 3514 inveniri,

975 3549 1101 3621 sed
1161 3550 1308 3647 ipse
1347 3550 1531 3622 illam
1565 3551 1660 3622 ibi
1703 3550 1984 3622 minime
2014 3549 2364 3645 quaesivit.
2400 3549 2649 3619 Scribit
2677 3568 2844 3640 ergo
2881 3547 3137 3620 audac-

974 3686 1101 3766 ter,
1151 3685 1517 3772 postquam
1568 3675 1822 3748 dixerit
1880 3674 2293 3763 Guidonem,
2345 3672 2809 3746 Viennensem
2863 3673 3140 3745 archie-
3215 3666 3220 3669 ’

978 3804 1337 3898 piscopum
1380 3804 1650 3898 (postea
1690 3801 2047 3873 Callistum
2095 3799 2207 3897 Il),
2255 3801 2648 3869 Historiam
2698 3797 2935 3869 Caroli
2978 3802 3140 3869 Ma-

976 3929 1109 4026 gm’
1145 3940 1217 3997 et
1288 3923 1600 3998 Rolandi
1649 3948 1837 3999 anno
1906 3926 2089 3997 MXC
2156 3926 2265 3997 vel
2323 3924 2637 4019 sequenti
2698 3925 3075 3996 confecisse
3119 3950 3138 3995 z

987 4082 1023 4119 α
1056 4056 1171 4123 En
1210 4054 1425 4139 1092,
1460 4052 1525 4124 le
1548 4054 1795 4149 prieur
1827 4049 1916 4122 de
1944 4057 2022 4123 S.
2071 4048 2334 4122 Andre'
2361 4076 2438 4120 se
2480 4048 2745 4150 'charge
2777 4049 2872 4121 de
2908 4049 3150 4120 [ancer

888 4231 895 4237 -
983 4178 1168 4279 dans
1218 4178 1283 4250 le
1338 4177 1598 4249 monde
1658 4178 1938 4249 l'oeuvre
1991 4178 2078 4247 cle
2127 4202 2256 4248 son
2307 4178 2606 4273 e‘ve'que;
2666 4176 2724 4246 il
2773 4176 2844 4246 la
2916 4174 3147 4246 donne

1056 4452 1131 4517 (1)
1168 4448 1376 4503 Storia
1392 4444 1465 4502 ed
1486 4420 1748 4515 Avantici,
1776 4446 1822 4513 1,
1857 4449 1945 4500 18.
