3640 5566
1455 624 1735 679 -7-

543 778 703 831 nem
741 754 1120 827 Cantilenae
1174 751 1500 840 Rolamle‘,
1537 753 1656 826 sed
1707 766 1774 827 et
1826 776 2021 827 suam
2081 756 2227 828 fecit
2250 811 2269 844 ‚
2322 758 2696 851 praeferens

540 888 617 951 ut
657 879 939 951 omnino
981 899 1273 963 novam,
1318 887 1385 950 et
1434 899 1595 950 vere
1640 880 1844 951 novis
1883 880 2119 951 fulcire
2160 881 2450 953 tentavit
2485 902 2693 975 argu·
2766 962 2772 968 ,

543 1003 816 1076 mentis.
861 1002 1239 1077 Contendit
1304 1002 1482 1073 enim
1548 1004 1769 1099 primo
1816 1005 2499 1100 Pseudo-Turpinum
2550 1028 2714 1086 nou

544 1128 919 1223 Hispanum
993 1126 1242 1214 fuisse,
1293 1126 1414 1199 sed
1463 1128 1756 1217 Gallum,
1832 1129 2083 1209 deinde
2138 1150 2295 1203 eum
2342 1130 2695 1203 Callistum

545 1274 794 1347 papam
837 1252 1068 1327 fuisse.
1113 1252 1364 1323 Contra
1393 1250 1819 1345 hispanicam
1869 1253 2205 1346 originem
2258 1254 2701 1327 debilissimis

541 1376 973 1469 argumentis
1009 1375 1270 1447 utitur:
1302 1374 1582 1469 gallicas
1612 1375 1796 1447 enim
1826 1377 2199 1451 locutiones
2238 1378 2499 1471 objicit,
2534 1401 2701 1472 quae.

540 1526 682 1575 non
754 1504 983 1575 minus
1041 1503 1352 1599 hispanae
1399 1525 1604 1596 quam
1663 1503 1910 1575 ceteris
1972 1505 2139 1575 novi
2206 1505 2382 1577 Latii
2442 1505 2698 1599 linguis

541 1641 972 1724 competunt,
1013 1639 1083 1699 et
1121 1628 1611 1723 etymologiam
1674 1632 2109 1699 Francorum
2153 1629 2486 1717 nominis,
2533 1652 2695 1725 quae

539 1757 606 1827 in
649 1778 770 1841 ea,
811 1765 969 1827 ante
1007 1754 1240 1827 multis
1277 1753 1478 1825 annis
1511 1750 1820 1842 detecta,
1854 1754 2382 1849 interpolatione
2426 1756 2695 1828 Sancti-

540 1881 849 1977 Dionysii
908 1879 1399 1953 monachorum
1457 1878 1835 1951 invenitur.
1906 1879 2150 1951 Melius
2202 1881 2289 1953 de
2355 1880 2683 1955 Callisto:

539 2006 841 2078 ostendit
876 2005 1056 2077 enim
1106 2002 1318 2101 (quod
1364 2013 1432 2091 et
1470 2004 1584 2074 alii
1629 2005 1958 2096 fecerant)
2012 2006 2227 2077 multa
2279 2005 2350 2076 in
2382 2005 2562 2079 libro
2601 2005 2693 2079 ad

539 2130 1107 2223 glorificationem
1159 2128 1638 2224 Compostellae
1685 2130 2005 2217 tendere,
2044 2139 2143 2218 et,
2184 2129 2377 2223 quod
2430 2151 2688 2203 novum

537 2266 707 2345 erat,
760 2254 1014 2326 Callisti
1059 2255 1381 2338 fratrem,
1416 2252 1879 2325 Raimundum
1925 2253 2522 2346 Burgundionem‚
2571 2275 2687 2328 co·

533 2378 769 2450 mitem
817 2378 1028 2450 fuisse
1071 2377 1400 2465 Galletiae,
1439 2378 1920 2471 Compostellae
1964 2354 2408 2465 habitavisse,
2450 2377 2689 2472 sicque

532 2504 802 2576 Callisto
820 2504 934 2576 vel
959 2504 1019 2595 ej
1029 2526 1108 2575 us
1141 2502 1452 2596 cognatis
1475 2512 1739 2595 gratam
1767 2504 1978 2574 fuisse
1996 2503 2473 2599 Compostellae
2499 2505 2689 2575 exal·

531 2628 890 2717 tationem,
932 2628 1462 2721 frequentesque
1499 2627 1589 2699 ad
1617 2627 2145 2722 Compostellam
2181 2627 2279 2698 ita
2306 2627 2525 2699 dictas
2552 2653 2685 2731 pe-

532 2752 1047 2851 regrinationes
1075 2752 1300 2824 utiles.
1330 2752 1496 2825 Mox
1522 2752 1888 2824 Callistum
1908 2774 2157 2848 papam
2195 2752 2449 2825 librum
2480 2776 2687 2848 quem

531 2877 682 2974 ipse
716 2879 1297 2979 rarchiepiscopus
1356 2879 1610 2950 fecerat
1665 2881 2265 2952 commendavisse
2319 2881 2680 2970 narrabat,

531 3027 667 3078 non
717 3005 1021 3078 absurda
1080 3005 1540 3078 conclusione.
1589 3004 1726 3076 Sed
1767 3028 1915 3078 rem
1976 3026 2253 3078 omnem
2304 3005 2687 3079 miserrime

527 3130 750 3202 Genin
790 3129 1118 3224 perdidit.
1151 3151 1365 3222 quum
1395 3138 1464 3200 et
1492 3139 1710 3201 totum
1751 3129 2001 3201 librum
2033 3150 2173 3201 uno
2195 3129 2459 3222 judicio
2491 3154 2681 3222 com-

530 3255 993 3350 prehenderit,
1041 3264 1110 3326 et
1142 3256 1348 3346 longe
1393 3254 1710 3326 meliores
1744 3255 1965 3326 allatis
2000 3256 2306 3329 rationes
2352 3258 2683 3351 neglexe-

532 3383 642 3468 rit,
688 3390 757 3452 et
796 3381 1187 3475 pessimum,
1224 3401 1634 3474 magnaeque
1668 3381 1969 3486 levitatis
2001 3383 2521 3472 documentum,
2570 3406 2683 3455 ar-

527 3515 932 3598 gumentum
1007 3505 1386 3586 admiserit.
1446 3508 1684 3578 Exstat
1741 3506 1924 3578 enim
1986 3507 2274 3603 epistola
2333 3509 2677 3592 Gaufridi,

527 3630 878 3702 Vosiensis
921 3628 1200 3725 prioris,
1252 3628 1560 3701 historici
1615 3630 1786 3703 satis
1838 3631 2024 3718 noti,
2072 3653 2211 3723 qua
2266 3632 2550 3726 Tun-pini
2600 3633 2685 3732 Η·-

452 3744 456 3749 ’
527 3755 758 3844 hrum,
804 3751 932 3826 sibi
984 3775 1206 3848 nuper
1264 3754 1354 3824 ab
1411 3754 1766 3848 Hesperia,
1805 3765 1884 3826 ut
1924 3755 2115 3846 dicit,
2150 3756 2462 3844 allatum,
2496 3759 2682 3830 clero

527 3877 1003 3952 Lemovicensi
1081 3879 1634 3951 commendando
1702 3881 1960 3972 mittit3
2026 3903 2240 3973 quam
2319 3877 2680 3976 epistolam

525 4003 859 4075 Oiheuart
890 4002 1107 4074 edidit
1144 4013 1212 4074 et
1248 4004 1456 4098 Bayle
1493 4001 1576 4098 (s.
1611 4027 1681 4073 ν.
1730 4003 2026 4101 Tur-pin)
2051 4005 2141 4076 ab
2175 4005 2291 4076 illo
2329 4017 2681 4079 mutuatus

525 4137 629 4200 est
666 4127 796 4224 (1).
831 4127 1008 4212 Quid
1049 4127 1210 4199 inde
1244 4137 1555 4198 secutum
1595 4133 1678 4198 sit
1716 4129 1961 4200 iterum
1999 4129 2199 4202 docet
2235 4152 2443 4224 quam
2485 4133 2681 4204 facile

604 4395 679 4458 (1)
717 4393 916 4447 Exstat
941 4391 998 4447 in
1025 4389 1213 4484 codice
1243 4391 1383 4448 Bibl.
1416 4392 1558 4464 Imp.
1585 4394 1706 4449 Lat.
1746 4398 1888 4450 5452
1919 4410 1934 4448 ε
1962 4391 2085 4450 vide
2103 4390 2267 4450 infra.
