3640 5566
1840 648 1919 671 ...
1957 621 2039 685 20
2078 652 2159 668 ..-

939 773 1082 824 non
1110 752 1448 847 potuisse,
1494 754 1688 848 quod
1719 776 1949 843 nemo,
1986 764 2182 850 pute,
2220 754 2501 847 negabit
2528 753 2648 848 qui
2696 752 2942 823 librum
2974 752 3081 825 di·

936 874 1225 967 ligenter
1253 876 1560 969 legerit.
1629 956 1634 958 ,
2630 897 2636 904 ’
3064 958 3073 963 .

1036 1001 1172 1072 luis
1218 1025 1396 1073 xxvii
1425 1005 1917 1097 posterioribus
1944 1005 2260 1101 capitulis
2290 1013 2359 1077 et
2400 1004 2729 1103 prologus
2744 1002 3080 1105 adnume-

937 1125 1204 1197 raudus
1248 1137 1350 1214 est
1390 1127 1511 1219 qui
1555 1128 1624 1199 in
1657 1129 2066 1212 editionibus
2124 1129 2394 1223 legitur,
2442 1128 2514 1199 in
2563 1149 2703 1220 quo
2737 1100 3081 1221 Turpinus

939 1249 1294 1341 inducitur
1337 1250 1425 1323 ad
1468 1251 2661 1359 Leobrandum,Aquisg1-anensem
2709 1250 3075 1341 decanum,

938 1396 1116 1469 opus
1153 1398 1355 1447 suum
1399 1376 1697 1465 mittens»,
1739 1390 2275 1471 excusaturque
2319 1376 2555 1471 quod
2538 1399 2607 1447 in
2645 1375 2888 1447 ceteris
2930 1376 3068 1446 his-

861 1560 868 1574 .
941 1500 1130 1572 toriis
1178 1510 1314 1571 tam
1387 1522 1636 1595 magna
1708 1513 1987 1597 tamque
2042 1502 2345 1576 notanda
2406 1524 2569 1622 pars
2640 1500 2805 1574 vitae
2860 1472 3077 1572 Caroli

833 1621 850 1639 ‘
937 1626 1171 1717 Magni
1195 1626 1644 1699 desideretur.

931 1808 946 1837 ,
1033 1751 1191 1822 Non
1230 1751 1514 1825 omnino
1569 1757 1979 1847 persuasum
2017 1754 2288 1844 haben,
2346 1753 2495 1825 iilos
2534 1772 2705 1821 xxvn
2748 1706 3082 1844 capitulos

938 1875 1245 1967 ejusdem
1293 1878 1594 1949 auctoris
1621 1900 1795 1965 esse,
1834 1877 1958 1949 sed
2015 1900 2099 1965 ea
2141 1878 2213 1949 in
2249 1878 2557 1950 diversas
2597 1884 2831 1971 partes
2862 1876 3083 1947 resol-

935 2023 1100 2073 vere
1139 2002 1429 2077 tentanti
1470 2002 1704 2078 nimiae
1734 1986 2177 2077 difficultates
2227 2004 2667 2076 obstiterunt.
2705 2001 3083 2073 Hocforte

932 2125 1135 2200 alicui
1159 2127 1511 2219 continget
1526 2127 1646 2220 qui
1663 2148 1905 2200 omnes
1922 2127 2199 2201 codices
2216 2126 2724 2222 cnmparaverit
2736 2124 3081 2219 Attamen

923 2249 1070 2339 jam
1101 2244 1483 2321 notandum
1519 2248 1696 2319 duas
1728 2257 2005 2319 exstare
2041 2246 2501 2339 recensioneS,
2542 2268 2835 2342 quarum
2869 2264 3081 2339 unam

930 2372 1002 2443 in
1039 2371 1317 2444 duobus
1366 2380 1634 2461 tantum
1661 2364 2133 2468 codicibus-(A
2176 2382 2246 2445 et
2274 2371 2378 2467 S),
2424 2372 2707 2448 alteram
2738 2370 2807 2441 in
2839 2368 3083 2442 ceteris

869 2572 875 2583 ,
933 2497 1336 2591 reperimus
1369 2496 1824 2568 Posteriorem
1848 2494 2491 2591 Sandionysiacam.
2511 2493 2864 2593 appellare
2883 2495 3077 2580 licet,
3166 2506 3171 2510 ’

813 2594 826 2607 ⁰
930 2620 1002 2689 in
1046 2638 1186 2711 qua
1233 2627 1303 2688 et
1356 2616 1682 2711 prologus
1716 2626 1789 2689 et
1831 2617 2201 2711 capitulum
2249 2640 2422 2688 xxxl
2466 2617 2665 2709 gravi
2712 2601 3089 2712 interfmla-'
3138 2668 3142 2673 ·

933 2740 1120 2826 tione
1154 2716 1493 2812 laborant.
1539 2738 1655 2810 Sic
1695 2739 1881 2811 enim
1930 2738 2001 2810 in
2048 2738 2159 2810 AS
2215 2737 2506 2834 prologo
2546 2738 2792 2830 iegitur
2829 2763 2847 2808 z
2880 2768 2915 2806 α
2945 2740 3086 2838 Ma-

933 2864 1164 2958 gnalia
1211 2887 1349 2957 que
1387 2885 1517 2936 rex
1559 2863 1770 2956 gessit
1805 2864 1877 2934 in
1916 2864 2247 2959 Hispania
2290 2865 2361 2936 in
2404 2862 2615 2940 nullis
2650 2865 2845 2959 plene
2881 2865 3083 2940 chro-

934 2989 1110 3062 nicis
1149 2985 1600 3062 inveniuntur
1619 2987 1998 3081 divulgata.
2020 2988 2107 3060 Et
2128 2999 2201 3059 ut
2228 2989 2395 3087 mihi
2430 2989 2795 3084 scripsistis
2824 3012 2905 3062 ea
2934 2993 3081 3086 ple-

933 3115 1123 3204 narie
1159 3113 1505 3209 repperire
1542 3123 1772 3194 vestra
1799 3115 2111 3207 nequivit
2141 3115 2557 3187 fraternitas.
2599 3145 2634 3181 »
2676 3115 2768 3187 At
2814 3116 2883 3188 in
2910 3129 3087 3190 cete·

930 3240 1027 3312 ,ris
1045 3239 1402 3312 codicibus
1432 3218 1516 3312 et
1555 3239 1980 3312 editionibus
2007 3239 2115 3338 (1)
2151 3266 2167 3310 ε
2202 3269 2236 3305 α
2279 3241 2553 3313 Etenim
2606 3242 2950 3332 magnalia
2984 3244 3087 3314 di·

932 3367 1214 3466 vulgata
1251 3387 1411 3460 quae
1449 3387 1576 3441 rex
1620 3367 1692 3436 in
1734 3366 2067 3460 Hispania
2107 3367 2345 3458 gessit,
2386 3367 2460 3438 in
2521 3368 2736 3440 sancti
2772 3358 3085 3464 Dionysii

931 3490 1288 3578 chronico,
1315 3501 1393 3562 ut
1434 3491 1601 3561 mihi
1628 3491 2031 3586 scripsisti&
2062 3469 2362 3586 reperire
2379 3493 2682 3586 plenarie
2718 3495 3085 3570 auctoritas

933 3628 1163 3690 vestra
1195 3616 1550 3712 nequivit-‚3
1603 3616 1819 3714 igitur
1846 3626 2202 3713 auctorem
2246 3617 2454 3705 illius,
2516 3628 2637 3691 aut
2691 3641 2820 3714 pro
2870 3605 3086 3704 tanto,-

931 3766 1084 3845 rum
1124 3752 1398 3814 actuum
1432 3741 1770 3837 scriptura
1799 3742 2110 3844 prolixa,
2144 3751 2264 3814 aut
2292 3747 2457 3846 quia
2492 3742 2674 3814 idem
2714 3743 2977 3841 absens·
2992 3746 3083 3816 ab

932 3870 1258 3964 Hispania
1296 3891 1380 3942 ea
1408 3869 1780 3961 ignoravit,
1824 3868 2117 3941 intentio
2166 3881 2397 3942 vestra
2430 3860 2766 3964 intelligat
2801 3859 3083 3966 minime

933 4018 1014 4067 ea
1053 3996 1146 4068 ad
1171 3996 1452 4090 plenum
1489 3994 1868 4088 scripsisse,
1912 4004 1980 4067 et
2027 4017 2365 4089 nusquam
2397 3997 2723 4068 volumen
2774 3997 3081 4089 istudjab
3160 3994 3163 3998 ’

931 4115 1015 4192 ed
1052 4120 1504 4192 discordasse.
1531 4149 1564 4185 n
1603 4121 1899 4192 Innuere
1928 4119 2037 4191 his
2063 4120 2300 4192 verbis
2334 4121 2783 4217 interpolator
2810 4107 3083 4195 videtur

1001 4301 1076 4374 (1)
1118 4303 1394 4361 Convenit
1417 4301 1508 4362 hic
1531 4319 1662 4362 cum
1690 4307 1742 4363 A
1761 4305 1800 4362 S
1818 4312 1877 4363 et
1896 4307 1974 4373 K,
1996 4303 2091 4380 qui
2111 4303 2283 4363 codex
2308 4312 2499 4362 tamen
2525 4304 2585 4362 in
2614 4305 2853 4378 capituto
2877 4321 3080 4366 xxxvr

931 4398 1142 4472 ceteros
1167 4390 1436 4464 sequitur.
