3640 5566
1017 755 1284 840 tempus
1310 769 1448 822 non
1477 772 1757 824 necesse
1783 754 2242 826 omnino-esse
2258 779 2283 844 3
2302 750 2439 827 ,sed
2467 749 2697 823 omnis
2720 758 3153 841 argumenta-

1012 869 1108 941 tio
1149 892 1268 965 per
1304 894 1377 943 se
1418 874 1590 962 ruit,
1641 898 1858 968 quum
1902 899 2141 951 omnes
2178 874 2453 951 codices
2486 872 2752 945 clavem
2770 928 2789 960 ‚
2822 894 2953 945 nec
2992 872 3151 945 ela-

989 1019 1164 1063 .vam
1193 995 1530 1087 habeant3
1579 999 1728 1096 ipse
1765 1002 2029 1098 Ciampi
2052 1054 2071 1091 ,
2112 1002 2236 1097 qui
2268 1000 2541 1071 clavam
2568 999 2767 1091 legit,
2806 1000 2877 1067 in
2914 998 3163 1071 codice·

1005 1118 1266 1191 clavem
1311 1122 1520 1197 fuisse
1571 1125 1770 1217 dicit3
1815 1127 2355 1223 interpretantur
2390 1145 2673 1219 quoque
2698 1123 3150 1209 translatores

1004 1265 1246 1319 omnes
1275 1246 1392 1341 (1).
1419 1239 1714 1338 clavem,'
1735 1271 1866 1323 nec
1900 1250 2197 1321 clavam.
2234 1252 2464 1345 Lapsn
2500 1248 2709 1341 igitur
2736 1248 3164 1342 typographi·

1003 1370 1191 1444 hunc
1222 1393 1521 1443 errorem
1560 1373 1635 1445 in
1675 1375 2168 1453 Schardianam
2216 1374 2590 1455 editionem
2628 1372 3003 1466 irrepsisse,
3040 1394 3145 1453 ¹ex

998 1518 1080 1569 ea
1112 1518 1276 1568 vero
1317 1498 1390 1568 in
1427 1500 1929 1597 Reuberianam
1964 1510 2033 1573 et
2066 1498 2735 1591 Reiffenbergianam
2756 1496 3145 1575 defluxisse

996 1622 1442 1697 censendum.
1472 1625 1626 1695 Non
1651 1625 1881 1699 minus
1912 1626 2248 1717 adjuvant
2278 1624 2551 1723 codices
2574 1623 2647 1694 in
2671 1622 2910 1694 ultima
2939 1622 3145 1713 hujus

995 1747 1281 1842 capituli
1331 1750 1738 1853 ‘sementim
1798 1752 1955 1823 talis
2012 1751 2196 1842 enim
2262 1751 2333 1821 in
2390 1748 2810 1822 editionibus
2874 1748 3139 1840 legitur.

977 1902 1030 1941 .«
1055 1874 1230 1959 Quae
1273 1874 1528 1945 scilicet
1581 1875 1772 1947 clava
1822 1876 2139 1972 (clavis),
2183 1884 2260 1947 ut
2292 1875 2424 1969 ipsi
2463 1874 2785 1975 Saraceni
2836 1874 3063 1963 aiunt,
3100 1896 3141 1948 a

869 2024 878 2033 ·
991 2020 1212 2083 mann,
1239 2000 1388 2091 ejus
1427 1999 1853 2081 cadetanno
1898 2023 2041 2094 quo
2081 2022 2211 2073 rex
2248 2002 2519 2073 futurus
2564 2000 2634 2074 in
2676 1999 2903 2071 Gallia
2940 2010 3140 2077 natus

991 2125 1231 2216 fuerit,
1269 2125 1390 2217 qui
1427 2134 1632 2199 totam
1679 2136 1931 2200 terram
1967 2126 2398 2222 hispanicam
2436 2125 2823 2212 christianis
2868 2125 3139 2219 legibus

986 2250 1061 2320 in
1099 2249 1495 2321 novissimis
1548 2248 1978 2346 temporibus
2032 2224 2549 2343 subjugaverit3
2601 2271 2771 2321 mox
2820 2260 2898 2323 ut
2946 2252 3137 2325 vide-

987 2384 1148 2465 runt
1182 2376 1449 2447 clavam
1487 2374 1812 2469 (clavem)
1846 2355 2148 2471 lapsam,
2214 2375 2399 2468 gazis
2438 2375 2581 2445 suis
2617 2375 2687 2445 in
2726 2383 2974 2445 terram
3020 2398 3137 2469 po-

987 2502 1162 2589 sitis,
1213 2522 1454 2573 omnes
1489 2500 1786 2593 fugiunt.
1824 2530 1859 2567 >2
1893 2503 2041 2579 Jam
2085 2500 2446 2574 sententiae
2499 2509 2697 2573 tenor
2730 2501 3135 2595 postulatut

979 2625 1305 2703 viderint
1345 2634 1414 2699 et
1431 2622 1720 2725 fugient
1757 2626 2122 2727 scribatur,
2170 2626 2357 2720 quod
2392 2636 2463 2711 et
2496 2625 2771 2697 codices
2811 2626 3070 2697 habent
3110 2652 3127 2697 t

986 2754 1248 2826 clavem
1283 2753 1751 2847 ergolapsam
1783 2752 2135 2838 nesciebat
2172 2752 2465 2848 scriptor
2500 2760 2759 2842 noster.
2818 2752 3129 2824 Ceterum

987 2880 1152 2951 dicit
1180 2878 1266 2950 V.
1299 2877 1400 2948 Cl.
1433 2879 1617 2972 Dozy
1645 2899 1719 2950 se
1737 2933 1755 2970 ,
1787 2879 1935 2950 aliis
1961 2878 2383 2970 argumentis
2410 2877 2798 2964 inductum,
2822 2877 3129 2949 Pseudo-

983 3003 1359 3099 Turpinum
1401 3005 1584 3089 ann'o
1625 3003 1746 3075 MC
1795 3002 2212 3093 anteriorem
2252 3021 2393 3074 non
2430 3021 2735 3088 censere,
2788 3002 3157 3094 nobisque·
3208 3009 3213 3014 ’

973 3129 1253 3224 scripsit
1305 3149 1380 3220 se
1423 3127 1700 3216 dehoc
1753 3126 2307 3200 dissertationem
2347 3117 2700 3214 meditari,
2752 3148 2960 3218 quam
3000 3148 3129 3198 nos

981 3263 1140 3356 ante
1184 3254 1319 3327 hoc
1349 3253 1754 3348 opusculum
1783 3252 2048 3337 editum
2078 3274 2221 3324 non
2264 3250 2511 3342 legisse
2548 3251 2751 3322 valde
2781 3251 3119 3324 dolemus.

1075 3381 1336 3453 Auctor
1349 3402 1522 3474 ‚ergo
1546 3381 1820 3452 illorum
1850 3377 2309 3474 capitulorum
2336 3378 2679 3472 Hispanus
2705 3378 2832 3449 fuit
2848 3387 2917 3450 et
2944 3379 3122 3450 circa
3196 3449 3202 3456 .

977 3527 1240 3578 anuum
1276 3507 1398 3578 ML
1428 3504 1650 3596 vixit3
1693 3503 2261 3576 verisimillimum
2302 3503 2623 3586 omnibus
2652 3502 3000 3575 videbitur
3038 3505 3119 3574 il-

975 3633 1119 3704 lum
1154 3640 1222 3703 et
1251 3629 1665 3701 monachum
1707 3637 1775 3700 et
1808 3628 2457 3722 Compostellensem
2490 3628 2723 3698 fuisse.
2755 3628 2904 3700 Iam
2942 3628 3123 3699 dixi-

975 3778 1134 3829 mus
1161 3778 1318 3844 eum
1356 3776 1698 3848 nusquam
1731 3753 2015 3848 Tur-pini
2048 3774 2299 3842 nomen
2328 3754 2685 3839 affectare,
2739 3753 2863 3824 sed
2898 3753 3121 3825 histo-

973 3883 1186 3954 ricam
1221 3879 1701 3966 narrationem
1728 3877 2190 3965 conscribere,
2250 3879 2438 3950 nulla
2493 3879 2734 3950 induta
2792 3901 3111 3972 persona.
3188 3958 3191 3961 ,

971 4009 1228 4080 Nonne
1245 4027 1414 4098 ergo
1453 4004 1642 4076 credi
1674 4013 1934 4099 potest,
1964 4001 2153 4075 illum
2178 4003 2433 4075 codicis
2472 4004 2531 4075 Ο
2544 4004 2717 4115 .(fol.
2762 4000 2933 4098 132)
2958 4025 3119 4096 pro-

970 4133 1210 4224 logum
1239 4126 1328 4200 ad
1377 4128 1558 4198 hanc
1602 4127 1893 4222 primam
1934 4137 2199 4223 partem
2233 4135 2573 4221 spectare,
2602 4137 2711 4215 et,
2750 4125 2975 4216 sinon
3014 4126 3115 4219 ip-

1035 4316 1106 4389 (1)
1135 4317 1208 4370 Et
1240 4310 1448 4386 gallicae
1481 4315 1538 4366 et
1573 4315 1774 4366 ceterae
1799 4308 2216 4366 translationes.
2246 4308 2434 4376 Hune,
2465 4313 2529 4363 ut
2555 4305 2775 4378 opinor,
2816 4304 3115 4363 islandicus

963 4405 1264 4462 translator
1291 4401 1522 4457 clavam
1549 4399 1789 4472 legebat.
