3640 5566
1346 716 1661 776 -19—

444 849 819 941 quamdam
853 849 1463 941 supernaturalem,
1498 849 1614 919 alii
1653 844 1917 918 stellam
1948 837 2090 918 non-
2116 845 2574 917 Theodomiro

445 973 694 1066 primo,
732 972 855 1043 sed
893 972 1281 1066 pastoribus
1314 972 1715 1067 apparuisse
1747 999 1763 1043 ε
1796 972 2115 1041 Historia
2149 969 2576 1066 Compostel··

331 1155 337 1162 .
446 1093 656 1184 lana,
712 1098 1022 1168 omnium
1080 1097 1585 1190 antiquissima,
1656 1097 1831 1169 sicut
1883 1096 2238 1168 retulimus
2285 1095 2580 1190 narrat.)

444 1221 770 1294 Nuntiato
814 1223 1020 1315 igitur
1065 1223 1380 1318 prodigio
1420 1218 1489 1294 et
1526 1223 1700 1296 miro
1738 1217 2061 1295 successu
2099 1244 2224 1306 rex
2260 1221 2598 1310 Alfonsus

446 1346 647 1417 iriam
699 1347 923 1435 venit,
987 1348 1374 1442 sepulcrum
1429 1347 1695 1440 invisit,
1759 1357 1828 1419 et
1885 1345 2585 1441 ecclesiaminsuper,

447 1451 836 1565 parvam-et
860 1465 1119 1544 ‘rudem¹
1147 1473 1454 1567 quidem,
1497 1453 1930 1564 instauravit,
1979 1473 2092 1544 cui
2133 1473 2336 1555 etiam
2371 1481 2602 1554 ‚terras

447 1597 657 1668 dedit.
712 1598 875 1684 Mox
914 1599 1095 1669 fama
1130 1600 1376 1682 multos
1410 1598 1807 1693 peregrinos
1843 1621 1932 1669 ex
1974 1597 2212 1679 alienis
2250 1598 2448 1670 terris
2495 1597 2591 1667 al-

448 1701 654 1810 lexit,
711 1740 1042 1811 regesque
1080 1719 1523 1790 succedentes
1561 1718 1761 1790 donis
1808 1717 2186 1810 majoribus
2223 1717 2442 1789 sancti
2481 1719 2590 1790 Ja-

452 1842 607 1915 cobi
649 1845 1032 1940 sepulcrum
1080 1846 1532 1933 cumularunt.
1578 1842 1670 1914 At
1706 1846 1869 1942 jam
1899 1845 1986 1916 ab
2030 1843 2228 1954 initio
2272 1821 2606 1916 Alfonsus

344 1999 351 2008 ·
452 1969 761 2040 Carolum
796 1971 1119 2062 Magnum
1158 1969 1245 2060 de
1285 1969 1417 2042 hoc
1457 1979 1870 2061 monuerat,¹
1905 1969 2026 2062 qui
2076 1977 2143 2041 et
2186 1969 2333 2065 ipse
2369 1945 2593 2064 sepul-

450 2117 642 2166 crum
672 2095 975 2167 visitavit
1006 2095 1411 2190 magnisque
1438 2095 1641 2167 donis
1666 2095 1967 2182 ornavit,
2002 2104 2068 2166 et
2091 2117 2130 2165 a
2155 2096 2385 2166 Leone
2418 2115 2602 2189 papa·
2661 2154 2666 2162 .

450 2217 875 2315 impetravit,
928 2231 1005 2290 ut
1041 2220 1404 2315 episcopus
1436 2219 1713 2325 Iriensis
1742 2219 2204 2314 inposterum
2237 2241 2455 2315 prope
2485 2242 2597 2291 ec-

453 2346 723 2418 clesiam
786 2347 1000 2418 sancti
1052 2346 1291 2417 Jacobi
1344 2345 1713 2436 habitaret,
1773 2375 1809 2408 τε
1835 2346 1927 2417 ad
1980 2346 2212 2417 locum
2264 2346 2382 2439 qui
2436 2355 2598 2417 tunc

460 2469 1101 2552 Liberumnonam
1150 2471 1566 2559 vocabatur,
1622 2492 1810 2548 nunc
1853 2479 2081 2542 autem
2126 2448 2602 2569 Compostelld

453 2596 702 2668 dicitur
743 2593 1092 2694 [Hclrtorl'a
1134 2593 1717 2692 Compostellana‚
1754 2620 1823 2691 p.
1861 2593 1990 2692 70]
2035 2595 2140 2690 (1)
2167 2626 2266 2676 ».,

550 2725 743 2796 Hanc
775 2722 1163 2793 Hl‘stoream
1195 2723 1340 2815 jam
1378 2722 1685 2796 diximus
1724 2721 1813 2795 de
1851 2721 2252 2801 inventione
2281 2725 2600 2821 corporis

456 2850 668 2921 sancti
750 2848 984 2920 Jacobi
1071 2846 1620 2941 antiquissimam
1701 2833 2011 2942 proferre
2079 2848 2588 2927 narrationem.

456 2974 717 3088 Scripta
753 2974 1229 3068 Compostellae
1267 2973 1423 3061 fnit,
1474 2996 1691 3065 quum
1727 2974 2091 3068 episcopus
2129 2973 2227 3051 ibi
2271 2983 2449 3051 esset
2479 2975 2598 3045 Di-

454 3100 671 3172 dacus
702 3100 1069 3186 Gelmirez,
1111 3098 1230 3193 qui
1271 3107 1513 3193 postea
1544 3120 1585 3169 a
1615 3098 1896 3170 Callisto
1934 3099 1993 3170 II
2030 3120 2213 3193 papa
2259 3098 2598 3195 archiepi-

450 3225 801 3321 scopalem
854 3223 1123 3294 titulum
1178 3222 1500 3307 obtinuit.
1560 3223 1786 3295 Homo
1835 3222 2428 3314 fuitingeniosus‚
2479 3228 2597 3307 'vel

456 3349 662 3421 etiam
716 3357 1014 3439 astutus,
1074 3347 1196 3440 qui
1240 3369 1385 3419 non
1435 3370 1673 3442 parum
1722 3347 2032 3421 ecclesiae
2081 3373 2230 3423 suae
2278 3350 2594 3446 profuit:

456 3488 744 3546 conatus
776 3472 902 3559 est3
939 3472 1011 3543 ni
1050 3473 1275 3561 fallor,
1322 3471 1736 3544 inventionis
1781 3472 2134 3557 historiam
2174 3482 2382 3568 quam
2417 3478 2598 3548 veri-2

456 3578 865 3671 simillimam
911 3599 1246 3689 condere,
1293 3621 1507 3694 quum
1554 3609 1754 3671 antea
1794 3602 1904 3671 vel
1943 3601 2092 3673 sola
2126 3602 2433 3689 traditio,
2487 3603 2600 3674 vel

397 3758 421 3828 s
457 3701 711 3820 scripta
748 3746 791 3796 a
822 3725 1111 3797 veritate
1143 3725 1464 3797 historica
1502 3724 1705 3809 nimis
1740 3724 2179 3799 abhorrentia
2215 3739 2595 3806 exstarent.

474 3858 481 3865 ’
554 3852 927 3946 Postquam
960 3861 1188 3921 autem
1225 3850 1581 3943 divulgata
1630 3850 1759 3932 suit
1792 3849 2074 3927 historia
2115 3851 2269 3943 illa,
2323 3854 2602 3933 minime

458 3970 811 4072 probabile
854 3975 1125 4048 videtur
1169 3985 1515 4063 auctorem
1551 3976 1764 4057 ullum
1802 3985 1942 4047 tam
1985 3977 2047 4048 ei
2086 3980 2462 4061 contrarias
2505 3983 2606 4054 fa·-

456 4098 657 4175 bulas
694 4102 1043 4198 scripsisse
1078 4125 1159 4175 ac
1196 4125 1313 4174 eas
1340 4125 1513 4197 quas
1542 4103 1767 4198 priora
1800 4102 2389 4200 Pseudo—Turpini
2421 4110 2606 4205 capi-³,

460 4230 602 4302 tula
652 4229 1003 4301 continent
1058 4255 1076 4299 ε
1136 4229 1559 4303 censendum
1614 4251 1777 4323 ergo
1843 4229 1958 4301 illa
2005 4228 2163 4302 ante
2213 4234 2600 4305 Historiam

535 4494 609 4567 (1)
644 4498 755 4568 Ap.
780 4492 999 4565 Flora,
1034 4468 1277 4577 Εὲραῆει
1300 4452 1603 4567 εαρναάᾴ,
1629 4498 1673 4548 t.
1703 4494 1837 4549 ΧΧι
