3640 5566
497 822 554 891 si
587 823 728 911 jam
777 819 1192 909 exstitisset3
1251 828 1552 889 ceterum
1596 815 1698 886 ad
1737 812 2259 912 impetrandam
2304 818 2644 911 Compos-

495 944 678 1015 tellae
735 943 932 1013 illam.
995 940 1406 1041 degnitatem
1481 942 1804 1036 scriptum
1872 940 2172 1012 videtur.
2232 939 2398 1010 Tum
2422 994 2445 1027 ,
2494 949 2645 1033 post

495 1069 902 1140 electionem
958 1068 1209 1141 Callisti
1250 1070 1357 1153 11,
1396 1066 1530 1139 alio
1563 1066 1900 1138 Viennam
1951 1073 2226 1137 tenente
2266 1060 2635 1158 episcop0,

493 1193 874 1264 monachus
923 1193 1154 1264 Sancti
1213 1192 1515 1265 Andreae
1553 1213 1698 1264 non
1727 1192 1873 1282 jam
1916 1189 2192 1269 easdem
2242 1211 2486 1261 causas
2522 1188 2645 1259 ha-

495 1318 705 1390 bebat
745 1315 1276 1412 Compostellam
1317 1291 1838 1410 magnificandi3
1897 1314 2237 1409 denique,
2288 1315 2343 1386 si
2380 1314 2644 1387 dicere-

496 1452 607 1513 tur
637 1464 796 1513 eum
835 1464 1106 1515 summo
1144 1442 1458 1515 Pontifici
1503 1444 1772 1537 placere
1827 1442 2150 1529 voluisse,
2199 1439 2648 1535 respondere-

493 1588 649 1638 mus
687 1568 1291 1640 Callisto-minime
1342 1566 1610 1662 placere
1648 1567 1997 1655 debuisse,
2056 1577 2421 1662 postquam
2466 1586 2647 1661 papa

495 1694 716 1765 factus
753 1693 912 1778 fuit,
955 1715 1115 1786 quae
1148 1714 1357 1789 supra
1393 1714 1484 1765 ex
1515 1694 1815 1788 capitulo
1852 1716 1936 1762 xx
1971 1694 2350 1765 retulimus

599 1818 886 1892 Viennae
924 1840 1114 1911 ergo,
1160 1818 1339 1890 intra
1381 1840 1601 1891 annos
1647 1818 1868 1890 MCIX
1915 1828 1983 1890 et
2011 1819 2293 1891 MCXIX
2323 1839 2365 1888 a
2409 1839 2651 1890 mona-

504 1943 636 2016 cho
663 1946 737 2015 S.
776 1945 1068 2017 Andreae
1098 1945 1483 2039 conscripta
1519 1945 1639 2016 fuit
1669 1944 2259 2039 Pseudo-Turpini
2296 1966 2457 2039 pars
2486 1962 2649 2038 pos-

505 2068 739 2141 terior.
783 2068 971 2142 Hanc
996 2092 1034 2143 a
1073 2070 1300 2165 priore
1338 2071 1482 2161 jam
1519 2069 1654 2143 hoc
1691 2070 1972 2143 differre
2006 2069 2313 2142 diximus
2352 2070 2545 2163 quod
2584 2077 2653 2141 et

495 2192 850 2291 gestorum
887 2194 1288 2266 cantilenas
1318 2194 1669 2283 admittat,
1712 2204 1780 2267 et
1826 2197 2231 2292 plerumque
2260 2195 2653 2268 delectatio·

473 2340 663 2390 -nem
703 2322 1180 2393 tantummodo
1217 2319 1507 2414 legentis
1554 2329 1836 2415 spectet.
1886 2322 2169 2417 Scripsit
2205 2331 2445 2393 auctor
2474 2340 2655 2415 prae-

505 2446 735 2516 sertim
770 2446 944 2516 alios
978 2467 1195 2539 seque
1232 2446 1455 2540 ipsum
1489 2446 1779 2537 juvandi
1811 2466 2054 2533 causa,
2104 2456 2174 2519 et
2203 2447 2276 2517 in
2308 2445 2393 2518 iis
2426 2446 2651 2519 solum

505 2591 667 2663 quae
705 2571 795 2642 ad
825 2571 1345 2665 Compostellam
1391 2581 1700 2665 spectant
1735 2572 2195 2643 narrationem
2239 2570 2393 2643 aliis
2426 2568 2655 2645 oonsi-

506 2692 611 2765 liis
638 2695 984 2767 deservire
1022 2696 1282 2789 voluit,
1328 2706 1624 2793 excepto
1653 2697 1845 2791 quod
1876 2697 2012 2769 hoc
2045 2720 2339 2793 semper,
2377 2706 2454 2770 ut
2501 2721 2653 2771 mo-

507 2821 803 2893 nachum
840 2819 1164 2914 decebat,
1207 2824 1453 2896 suadet
1477 2833 1544 2894 et
1574 2822 1888 2912 intimat,
1931 2824 2253 2896 ecclesias
2288 2834 2652 2896 exstruen-
2748 2807 2753 2812 ’

507 2941 634 3018 das
666 2957 736 3019 et
770 2947 975 3020 donis
1011 2927 1362 3043 permultis
1393 2947 1847 3020 cumulandas
1896 2969 2085 3040 esse,
2138 2949 2375 3042 sicque
2416 2950 2653 3021 certis-

507 3069 678 3142 sime
715 3071 804 3144 ad
845 3074 1095 3146 coelum
1131 3083 1317 3146 recta
1347 3095 1632 3168 pergere
1669 3074 1784 3146 via
1820 3075 1940 3168 qui
1968 3077 2082 3152 vel
2119 3076 2411 3170 plurima
2441 3077 2659 3149 admi-

508 3190 704 3264 sisset
743 3203 1022 3288 peccata
1067 3223 1082 3266 :
1131 3204 1346 3288 utque
1397 3204 1538 3266 tam
1577 3195 1944 3290 pulchrum
1998 3205 2419 3291 praeceptum
2460 3197 2653 3269 cordi

507 3315 708 3389 altius
747 3317 1094 3410 infigatur,
1147 3317 1409 3392 ultimis
1459 3319 1871 3415 exprimitur
1910 3321 2182 3411 verbiS,
2234 3323 2413 3393 sicut
2446 3321 2519 3392 in
2562 3322 2660 3394 fa-

505 3442 688 3514 bulis
728 3445 1064 3539 AEsopicis
1102 3453 1134 3514 ὁ
1166 3448 1344 3541 μῦθος
1381 3441 1566 3522 δηλοῖ
1599 3450 1700 3515 ὅτι
1734 3473 1750 3516 :
1800 3472 1837 3510 <t
1878 3447 1954 3517 In
1993 3446 2129 3518 hoc
2180 3448 2500 3542 exemplo
2538 3447 2660 3520 da-

508 3577 620 3638 tur
656 3566 947 3662 intelligi
987 3570 1179 3662 quod
1215 3572 1336 3663 qui
1367 3571 1724 3643 ecclesiam
1750 3569 2050 3642 aedificat
2085 3572 2346 3664 regiam
2376 3573 2500 3644 Dei
2522 3571 2658 3643 sibi

507 3704 892 3788 praeparat,
939 3715 981 3765 a
1014 3695 1471 3788 daemonibus,
1506 3707 1588 3768 ut·
1624 3693 1934 3784 CaroluS,
1977 3697 2286 3791 eripitur,
2322 3698 2484 3770 etin
2520 3719 2659 3769 coe·

508 3817 658 3891 lesti
695 3817 883 3912 regia
925 3819 1247 3893 subsidiis
1281 3831 1712 3912 sanctorum,
1755 3843 2055 3917 quorum
2092 3822 2390 3895 aedificat
2420 3821 2659 3893 basili-

508 3965 651 4036 caS,
693 3932 1112 4034 collocatur,
1137 3975 1172 4012 >2
2234 3967 2239 3972 ’

603 4069 829 4144 Nobis
857 4080 1086 4143 tamen
1127 4082 1353 4144 cetera
1386 4083 1582 4164 grata
1627 4084 1790 4145 sunt
1813 4125 1833 4163 ,
1874 4091 2036 4167 quae
2074 4095 2323 4168 nempe
2352 4073 2661 4168 poeticas

509 4196 962 4282 narrationes,
991 4206 1338 4268 truncatas
1361 4185 1639 4291 quidem
1668 4208 1736 4269 et
1760 4196 2022 4270 fucatas
2044 4200 2356 4293 maleque
2379 4201 2651 4290 relatae,

509 4330 814 4393 attamen
858 4322 1178 4415 antiquas
1213 4323 1616 4394 continent:
1661 4322 1939 4418 hocque
1978 4333 2246 4395 tantum
2278 4325 2491 4416 digna
2526 4325 2656 4396 mi-

509 4447 795 4520 serrima
823 4448 1050 4520 fabula
1081 4467 1243 4541 quae
1270 4448 1538 4542 legatur
1567 4459 1634 4520 et
1668 4447 1907 4522 critico
1932 4449 2161 4522 studio
2186 4450 2651 4524 submittatur.
