3640 5566
1906 648 2228 709 ...1ss—

1011 779 1194 850 ditus
1235 791 1664 851 corruerunt.
1711 810 1746 844 n
1789 779 1952 852 Post
1996 779 2353 851 victoriam
2414 788 2645 871 grates
2696 780 2840 869 agit
2886 785 3042 849 Deo
3086 796 3155 850 et

1007 918 1257 973 sancto
1283 901 1544 973 Jacobo
1569 935 1601 992 ,·
1637 904 1820 976 illius
1859 906 2253 1001 sepulcrum
2296 903 2554 991 visitat,
2607 902 2701 974 ibi
2752 902 3155 999 episcopum

1003 1029 1241 1100 statuit
1278 1038 1346 1101 et
1369 1029 1778 1121 canonicos3
1814 1031 2121 1105 ecclesiae
2151 1031 2369 1101 multa
2406 1028 2727 1121 largitat-3
2768 1028 2839 1099 in
2875 1028 3156 1123 reliquis

1007 1153 1380 1247 provinciis
1412 1155 1554 1227 suis
1601 1155 1925 1227 ecclesias
1979 1155 2053 1227 in
2092 1154 2431 1227 honorem
2472 1152 2689 1225 sancti
2720 1152 2958 1225 Jacobi
2996 1152 3159 1225 aedi-

1003 1274 1186 1350 ficet.
1222 1280 1388 1349 Cum
1436 1280 1678 1372 quinto
1724 1281 2022 1374 capitulo
2047 1279 2220 1351 liber
2259 1278 2387 1349 iste
2425 1276 2636 1349 finem
2673 1298 2919 1373 capere
2962 1275 3158 1353 vide-

1003 1410 1114 1472 tur
1153 1426 1170 1473 ε
1215 1404 1496 1475 Carolus
1525 1407 1746 1477 victor
1783 1406 1853 1476 in
1892 1404 2258 1499 imperium
2288 1424 2487 1474 suum
2548 1401 2762 1493 redit3
2824 1401 3018 1496 quod
3057 1401 3157 1472 fa-

1003 1548 1159 1600 cere
1210 1529 1484 1601 volebat
1524 1531 1719 1603 fecit:
1795 1530 2200 1626 Hispaniam
2243 1528 2585 1617 liberavit,
2636 1526 2854 1601 sancti
2913 1524 3157 1599 Jacobi

1001 1655 1391 1748 sepulcrum
1431 1657 1730 1747 ornavit,
1767 1656 2123 1729 ecclesiam
2161 1654 2258 1727 illi
2296 1653 2592 1745 struxit3
2630 1652 2933 1725 Iacobus
2958 1651 3158 1749 polli-

1003 1778 1139 1851 cita
1171 1778 1610 1875 adimplevit3
1653 1802 1839 1854 nunc
1867 1791 2053 1876 patet
2073 1780 2191 1852 via
2218 1776 2937 1878 peregrinationibus.
2989 1870 2997 1879 ·

1100 1905 1444 2000 Hispanus
1477 1916 1647 1999 erat,
1691 1908 1762 1977 ni
1806 1908 2027 1995 fallor,
2061 1882 2345 1978 istorum
2378 1905 2836 2000 capitulorum
2878 1912 3153 1991 auctor3

1006 2050 1144 2101 non
1176 2030 1375 2102 facile
1411 2031 1598 2103 credi
1627 2042 1850 2126 potest
1902 2032 2169 2105 Gallum
2221 2032 2435 2103 ullum
2488 2040 2591 2103 tot
2633 2027 2989 2124 hispanica
3021 2049 3160 2101 no-

1003 2155 1190 2227 mina
1227 2157 1672 2256 cognovisse,
1724 2165 1829 2229 tot
1872 2157 2185 2231 civitates
2222 2176 2629 2228 enumerare
2672 2154 2975 2249 potuisse
3019 2151 3151 2249 (1),

1003 2280 1092 2352 de
1119 2282 1374 2375 quibus
1401 2283 1774 2375 aliquando
1815 2282 2344 2355 historiunculas
2386 2290 2644 2369 narrat,
2685 2300 2849 2373 quae
2885 2278 2954 2349 in
2998 2276 3179 2349 His-'

1005 2402 1207 2494 pania
1233 2400 1456 2501 solum
1481 2404 1638 2491 sciri
1668 2413 1989 2503 poterant
2015 2401 2137 2500 (2).
2169 2404 2349 2488 Quin
2378 2414 2447 2475 et
2468 2426 2581 2475 res
2599 2404 2911 2477 arabicas
2937 2402 3154 2474 novit:

1005 2530 1214 2598 refert
1265 2528 1445 2598 enim
1494 2526 1676 2624 (cap.
1743 2532 1816 2623 4)
1876 2529 1967 2601 de
2011 2528 2200 2601 idolo
2246 2529 2553 2623 quodam
2599 2528 2938 2601 Gaditano
2981 2548 3160 2599 non-

1003 2652 1190 2723 nulla
1236 2674 1392 2744 quae
1434 2653 1815 2726 admodum
1864 2654 2108 2727 similia
2163 2653 2467 2727 historici
2512 2653 2665 2726 libri
2698 2654 3156 2727 Islamitarum

1004 2786 1287 2850 narrant
1317 2776 1447 2872 (3).
1491 2776 1784 2868 Arabica
1833 2779 1962 2852 isla
2018 2790 2250 2852 tamen
2287 2790 2365 2852 ut
2406 2778 2835 2853 christianus
2885 2776 3160 2866 recitat,

1005 2902 1237 2974 multis
1266 2904 1690 2993 adulteratiS‚
1731 2914 1800 2977 et
1830 2904 1901 2976 in
1940 2905 2151 2977 alium
2194 2927 2471 2978 sensum
2531 2906 2789 2992 versis;
2840 2904 2966 2976 sed
3004 2903 3158 2997 quis
3277 2990 3284 2997 ·

1003 3027 1236 3099 Gallus
1268 3026 1418 3099 haec
1451 3027 1847 3101 didicerat?

1102 3150 1449 3245 Hispanus
1475 3151 1681 3246 plane
1715 3150 2017 3222 maxima
2056 3150 2127 3222 in
2174 3131 2498 3222 sanctum
2546 3152 2884 3224 Iacobum
2936 3151 3157 3222 devo-

1005 3260 1193 3347 tione
1223 3285 1434 3369 patet,
1479 3284 1546 3346 et
1576 3274 1947 3369 cupiditate
1980 3275 2403 3367 alienigenas
2420 3277 2511 3348 ad
2557 3275 2976 3348 visitandum
3012 3274 3159 3364 ejus

1003 3400 1392 3494 sepulcrum
1431 3397 1793 3471 alliciendi.
1848 3401 2005 3472 Non
2062 3401 2284 3472 solum
2358 3423 2527 3494 ergo
2587 3401 2931 3497 Hispanus
2954 3450 2973 3488 ,
3036 3397 3160 3470 sed

1003 3527 1424 3600 Galletianus
1444 3535 1514 3599 et
1540 3526 2316 3622 Compostellensis'esse
2341 3527 2604 3602 debuit.
2641 3526 2945 3600 Ecclesia
2972 3525 3158 3598 enim

1074 3716 1150 3781 (1)
1187 3713 1358 3767 Deest
1383 3709 1522 3766 illud
1543 3708 1849 3781 capitulum
1877 3707 1986 3778 (ed.
2005 3709 2344 3783 Ciampianae
2368 3711 2619 3780 tertium)
2645 3710 2706 3769 in
2733 3710 2935 3769 ceteris
2958 3707 3156 3768 editio-

1003 3802 1168 3859 nibus
1193 3800 1327 3858 etin
1357 3798 1548 3856 codice
1571 3806 1764 3855 nostro
1792 3800 1859 3855 P.
1887 3797 2051 3871 Apud
2078 3799 2295 3874 Ciampi
2322 3799 2516 3858 multis
2542 3799 2827 3860 erroribus
2848 3799 3081 3857 laborat.

1073 3892 1152 3962 (2)
1190 3890 1270 3946 Ut
1304 3888 1397 3946 illa
1431 3886 1774 3958 (secundum
1805 3887 2061 3946 codicem
2096 3892 2166 3958 A)
2202 3907 2218 3946 ε
2254 3915 2285 3940 «ι
2316 3889 2599 3948 Talaveria
2621 3931 2639 3960 ‚
2678 3904 2805 3964 quae
2845 3896 2933 3946 est
2964 3885 3158 3946 fructi·

1003 3979 1189 4037 fera...
1214 3979 1381 4046 Osca,
1397 3976 1457 4032 in
1483 3993 1592 4051 qua
1611 3979 1725 4034 XX
1744 3983 1932 4034 turres
1956 3993 2194 4036 numero
2212 3995 2335 4038 esse
2354 3979 2603 4037 solent...
2624 3979 2801 4037 Baecia
2816 3979 2899 4036 vel
2914 3978 3158 4046 Troissa,

1002 4068 1064 4127 in
1091 4085 1198 4144 qua
1224 4065 1291 4124 fit
1320 4073 1618 4139 argentum
1647 4064 1941 4138 optimum,
1967 4075 2073 4124 ete.
2113 4090 2140 4117 n
2658 4113 2663 4116 .
3090 4111 3096 4118 .

1081 4157 1154 4232 (3)
1193 4155 1352 4214 Adde
1376 4155 1504 4212 talia
1539 4173 1552 4210 ε
1583 4177 1608 4203 ιι
1637 4155 1863 4212 Medma
1890 4157 2027 4224 Geli,
2062 4157 2121 4214 id
2159 4165 2247 4216 est
2283 4157 2419 4215 urbs
2452 4143 2736 4216 eicelsa...
2770 4155 2974 4227 Salam,
3008 4154 3159 4231 quod
3251 4183 3257 4190 ·

1007 4249 1191 4321 lingua
1227 4246 1447 4302 arabica
1485 4243 1625 4301 deus
1663 4245 1885 4317 dicitur,
1920 4255 2026 4304 etc.
2059 4271 2085 4299 n
2113 4247 2261 4324 Quid
2288 4247 2394 4305 hoc
2424 4248 2695 4322 significet
2722 4263 2837 4305 non
2861 4247 3107 4321 intelligo
3140 4265 3154 4303 ε

1009 4360 1035 4386 «ι
1065 4335 1218 4394 Urbs
1246 4335 1550 4402 Bisa-tum,
1580 4333 1638 4389 in
1664 4349 1772 4406 qua
1803 4334 2011 4393 milites
2038 4334 2349 4408 fortissimi,
2380 4336 2474 4410 qui
2506 4337 2669 4411 vulgo
2700 4336 2961 4394 dicuntur
2987 4341 3155 4394 Ara-

1002 4425 1142 4483 bites
1170 4422 1285 4498 (vel
1309 4421 1548 4494 Arabit)
1561 4463 1578 4493 ,
1611 4420 1906 4480 habentur.
1923 4445 1949 4473 n
