3640 5566
1507 629 1823 690 ..27-

541 744 545 748 ’
578 753 905 846 voluisse,
939 759 1156 830 sancti
1194 759 1524 858 Dionysii,
1549 761 1926 838 monachos
1965 762 2111 854 jam
2149 768 2457 854 tempore
2489 761 2716 834 Caroli

575 879 807 972 Magni
848 903 1090 976 regum
1124 885 1545 960 Francorum
1604 887 1913 991 historiae
1971 885 2358 958 scribendae
2409 883 2715 961 officium

573 1004 923 1096 habuisse,
961 1010 1153 1102 quod
1180 1020 1410 1101 tamen
1457 1035 1600 1088 non
1644 1023 1805 1086 ante
1836 1011 2078 1103 Sugeri
2112 1020 2380 1106 tempus
2418 1012 2706 1084 exstitit.

668 1131 985 1224 Similiter
1038 1134 1111 1206 in
1147 1138 1448 1232 capitulo
1498 1163 1648 1226 xxxi
1694 1139 1793 1211 sic
1846 1137 2005 1210 AS:
2045 1165 2080 1202 α
2118 1115 2392 1208 Deinde
2425 1137 2714 1210 veniens

494 1247 499 1250 ’
571 1255 923 1355 (Karolus)
959 1259 1050 1332 ad
1086 1261 1462 1337 Ecclesiam
1506 1264 1695 1373 beati
1754 1262 2073 1358 Dionysii
2117 1261 2436 1334 eumdem
2485 1262 2710 1334 locum

550 1384 944 1457 ‚honoravit
970 1395 1036 1458 et
1072 1387 1661 1463 obsecrationibus
1698 1403 1769 1462 et
1803 1387 2297 1461 oblationibus,
2339 1416 2373 1452 ι)
2397 1387 2605 1480 Cujus
2637 1389 2708 1460 in

571 1509 721 1584 loco
761 1509 913 1585 haec
953 1511 1163 1586 habet
1199 1515 1413 1587 altera
1453 1516 1767 1588 recensio
1804 1541 1823 1586 ε
1861 1542 1902 1578 <c
1927 1495 2119 1586 Tunc
2169 1511 2472 1585 adunato
2523 1513 2708 1609 epis·

502 1617 513 1628 ⁵
566 1656 895 1729 copornm
916 1645 984 1707 et
1009 1636 1391 1732 principum
1412 1638 1705 1744 concilio
1743 1637 1813 1724 in
1839 1637 2120 1712 basilica
2135 1622 2348 1708 sancti
2370 1637 2705 1732 Dionysii,

560 1783 779 1852 agens
807 1762 950 1834 Deo
988 1762 1269 1854 gratias,
1316 1764 1436 1857 qui
1474 1763 1604 1834 sibi
1640 1764 1781 1837 vim
1823 1763 2106 1834 dederat
2146 1782 2488 1857 paganam
2532 1784 2708 1856 gen-

466 1891 475 1898 ’
563 1897 701 1959 tem
753 1888 1213 1980 subjugandi,
1255 1909 1533 1961 omnem
1603 1889 1958 1961 Franciam
2021 1887 2345 1960 Ecclesiae
2411 1889 2561 1979 ejus
2631 1888 2704 1959 in

564 2010 831 2106 praedio
860 2011 1075 2095 dedit,
1124 2012 1299 2092 sicut
1336 2014 1588 2086 beatus
1625 2013 1881 2087 Paulus
1911 2013 2266 2106 apostolus
2299 2021 2369 2083 et
2392 2011 2702 2084 Clemens

561 2158 736 2232 papa
775 2136 977 2209 beato
1002 2121 1329 2232 Dionysio
1362 2138 1433 2210 in
1469 2138 1874 2232 episcopatu
1916 2145 2123 2209 antea
2159 2135 2343 2208 illam
2387 2135 2704 2229 praebue-

559 2276 734 2352 rant,
780 2273 848 2338 et
891 2265 1221 2360 praecepit
1266 2276 1343 2337 ut
1389 2286 1629 2338 omnes
1676 2266 1991 2338 Franciae
2031 2285 2232 2356 reges
2269 2273 2338 2336 et
2367 2263 2696 2360 episcopi,

558 2400 933 2486 praesentes
992 2399 1062 2462 et
1110 2391 1347 2488 futuri,
1392 2391 1652 2486 pastori
1714 2389 2026 2482 ejusdem
2091 2389 2418 2462 Ecclesiae
2473 2399 2703 2461 essent

426 2531 441 2543 ⁰
558 2517 958 2614 obedientes
990 2515 1061 2586 in
1091 2515 1387 2607 Christo,
1421 2539 1550 2590 nec
1572 2537 1770 2609 reges
1800 2515 1952 2587 sine
1983 2516 2134 2607 ejus
2159 2514 2443 2588 consilio
2475 2523 2702 2587 essent

556 2641 909 2730 coronati,
953 2661 1085 2713 nec
1132 2640 1440 2736 episcopi
1500 2640 1844 2734 ordinati3
1881 2662 2009 2712 nec
2045 2639 2232 2734 apud
2271 2640 2559 2711 Romam
2587 2662 2696 2712 re-

554 2766 731 2863 cepti
752 2773 980 2840 essent
998 2772 1118 2837 aut
1138 2763 1467 2845 damnati.
1488 2765 1781 2837 Rursum
1813 2772 1969 2858 post
1996 2762 2290 2858 plurima
2309 2763 2491 2835 dona
2522 2786 2698 2857 prae-

554 2893 757 2988 cepit,
779 2901 853 2962 ut
872 2889 980 2987 (1)
1004 2890 1226 2963 eidem
1246 2889 1575 2962 Ecclesiae
1594 2889 2073 2983 unusquisque
2094 2908 2444 2987 possessor
2465 2890 2699 2961 unius-

552 3018 887 3110 cujusque
920 3014 1173 3089 domus
1216 3015 1425 3095 totius
1452 3014 1687 3085 Galliae
1719 3024 2019 3107 quatuor
2064 3036 2385 3086 nummos
2419 3036 2693 3087 annua-

534 3144 673 3216 tim
706 3142 798 3221 ad
832 3140 1319 3213 aedificandam
1338 3138 1717 3214 Ecclesiam
1752 3138 1984 3225 daret,
2025 3147 2094 3210 et
2125 3159 2368 3211 omnes
2419 3160 2688 3229 servm,

549 3268 667 3364 qui
709 3267 837 3341 hos
863 3288 1189 3338 nummos
1225 3266 1515 3361 libenter
1542 3264 1813 3351 darent,
1850 3262 2267 3334 manumisit.
2307 3264 2498 3333 Tunc
2520 3263 2694 3335 bea-

550 3370 698 3465 tum
736 3392 1163 3487 Dionysium,
1195 3391 1399 3481 juxta
1419 3390 1569 3481 ejus
1612 3410 1866 3483 corpus
1909 3386 2578 3481 stans‚·imploravit
2617 3398 2694 3459 ut

545 3538 673 3611 pro
717 3517 936 3589 salute
974 3537 1214 3589 corum
1248 3514 1371 3609 qui
1415 3514 1705 3586 libenter
1739 3514 1892 3585 illos
1918 3513 2179 3585 dabant
2202 3512 2500 3585 Domino
2533 3535 2690 3607 pre-

545 3664 696 3715 cem
734 3642 1098 3732 funderet,
1148 3651 1219 3712 et
1269 3662 1392 3734 pro
1442 3639 1845 3725 Christianis
1886 3632 2196 3710 similiter
2235 3638 2356 3732 qui
2417 3640 2692 3734 propria

542 3789 671 3840 sua
703 3788 827 3862 pro
862 3767 1103 3871 divino
1134 3786 1367 3839 amore
1394 3765 1817 3848 dimiserant,
1846 3763 2010 3836 etin
2041 3763 2367 3861 Hispania
2393 3762 2461 3833 in
2497 3763 2689 3836 bellis

542 3896 1045 3967 Saracenorum
1079 3891 1386 3989 martyrii
1420 3913 1751 3964 coronam
1788 3870 2222 3985 acceperant.
2266 3890 2482 3975 Nocte
2516 3912 2688 3984 pro-.-
2773 3954 2776 3959 .

543 4019 736 4091 xima
766 4018 917 4109 regi
942 4018 1311 4090 dormienti
1343 4018 1590 4090 beatus
1611 4017 1981 4113 Dionysius
2014 4015 2352 4112 appar-uit,
2389 4037 2689 4109 eumque

542 4144 901 4235 excitavit,
944 4144 1183 4215 dicens
1245 4167 1263 4211 ε
1319 4140 1458 4225 Illis
1492 4142 1611 4234 qui
1652 4154 1766 4214 tua
1803 4141 2277 4214 admonitione
2323 4150 2394 4213 et
2443 4160 2684 4213 exem-

610 4413 688 4481 (1)
729 4411 948 4467 Desunt
971 4408 1120 4483 apud
1145 4408 1360 4480 Ciampi
1380 4411 1665 4482 praecepit
1687 4413 1776 4464 ut.
