3640 5566
1738 639 1743 643 ·
1832 649 1914 663 -
1950 618 2031 681 62
2070 652 2154 675 ψ

918 768 1200 840 quoque
1239 760 1374 819 tres
1409 749 1678 842 prologi
1726 750 2183 824 diffidentiam
2228 762 2298 824 et
2340 757 2806 843 contemptum
2832 716 3068 839 expri-

703 892 712 898 ’
822 911 827 916 -
919 882 1116 943 munt
1157 895 1320 965 erga
1376 874 1774 945 cantilenas
1816 892 2178 975 gestorum
2240 890 2309 951 et
2363 886 2591 949 cetera
2650 870 3063 967 rhythmica,

915 1015 1130 1088 seque
1151 1017 1405 1068 novam
1439 996 1708 1086 ingredi
1742 1000 1925 1071 viam
1952 1000 2385 1095 profitentur,
2428 1020 2567 1093 qua
2596 996 2819 1069 solum
2853 1005 3069 1065 trans-

917 1120 1090 1191 lator
1126 1106 1476 1194 auctorem
1517 1126 1710 1218 sequi
1747 1127 1990 1219 possit,
2036 1127 2550 1212 translationem
2604 1124 2866 1198 scilicet
2907 1142 3065 1215 pro-

915 1266 1092 1335 sam,
1131 1272 1218 1315 en
1243 1272 1531 1319 romans
1571 1273 1744 1320 sans
1787 1252 1989 1321 rime.

1011 1372 1160 1442 Non
1193 1372 1290 1443 ita
1327 1374 1682 1471 Philippus
1718 1376 2033 1449 Mousket
2064 1375 2195 1472 (1),
2234 1378 2355 1470 qui
2394 1398 2520 1448 suo
2544 1373 2889 1448 Chronico
2910 1371 3064 1461 rhy-

914 1491 1201 1584 thmico,
1241 1506 1400 1568 ante
1449 1511 1710 1568 annum
1748 1500 2123 1571 MCCXLlll
2162 1498 2386 1589 finito,
2436 1497 2723 1593 Turpin'i
2779 1494 3065 1567 transla-

913 1617 1166 1691 tionem
1231 1620 1541 1714 inseruit‚
1585 1625 1708 1705 sed
1755 1626 2003 1697 librum
2045 1624 2334 1697 latinum
2377 1646 2518 1696 non
2552 1620 3067 1718 ⁸¹parum-'inter-

914 1743 1241 1836 polando‚
1283 1768 1406 1817 nec
1443 1769 1715 1843 semper
1751 1750 2010 1844 optime
2047 1750 2519 1843 intelligendo.
3026 1754 3031 1757 ’

1007 1866 1270 1942 Auctor
1307 1872 1534 1963 gallici
1583 1873 1738 1944 libri
1775 1876 1885 1945 cui
1946 1875 2176 1945 titulus
2212 1904 2229 1945 ε
2275 1873 2377 1944 les
2412 1870 2743 1943 Grandes
2772 1868 3068 1942 Chroni-

836 2089 848 2099 ·
906 2016 1087 2087 ques
1113 1990 1201 2064 de
1224 1990 1724 2086 Saint-Denis4
1759 1999 2045 2071 latinum
2081 2000 2629 2091 compilatorem,
2668 1997 2754 2069 de
2787 2017 3066 2089 quosu-

910 2144 1034 2215 pra
1089 2124 1200 2219 (p.
1261 2124 1440 2219 43),
1505 2136 1784 2199 secutus
1807 2184 1823 2211 .,
1894 2128 2175 2221 Turpini
2230 2127 2531 2199 fabulam
2588 2148 2746 2199 cum
2806 2125 3067 2194 Itinere

913 2249 1559 2345 Hierosolymitano
1587 2253 1891 2344 admisit,
1922 2262 1989 2324 et
2018 2254 2533 2325 translationem
2575 2252 2723 2346 ipse
2760 2246 3056 2345 seripsit,

895 2360 950 2441 *a
987 2372 1176 2442 nullo
1213 2385 1574 2474 mutuatus
1603 2374 1986 2465 anteriore3
2023 2377 2223 2467 cujus
2261 2374 2654 2467 languidior
2691 2396 2948 2459 sermo,
2993 2383 3063 2444 et

900 2492 1046 2584 jam
1111 2495 1490 2589 priscarum
1550 2498 1809 2589 linguae
1865 2509 2124 2569 nostrae
2162 2500 2393 2591 legum
2436 2500 2841 2593 plerumque
2878 2497 3057 2568 obli-

853 2684 864 2695 ,
905 2624 1038 2686 tus.
1093 2618 1251 2689 Non
1311 2630 1674 2692 contentus
1740 2620 1853 2692 ille
1897 2620 2445 2715 sandionysiaca
2496 2642 2702 2714 quam
2752 2620 3060 2692 diximus

904 2736 1460 2838 interpolatione,
1489 2716 1676 2814 illam
1703 2742 1926 2838 ipsam
1950 2726 2395 2838 interpolavit
2414 2743 2503 2816 ad
2530 2746 2867 2838 majorem
2896 2764 3055 2814 san-

907 2864 998 2935 eti
1029 2866 1340 2962 Dionysii
1385 2868 1673 2960 gloriam
1705 2863 1841 2966 (2).
2542 2946 2545 2952 .

1003 2993 1082 3060 In
1128 2994 1378 3064 multas
1406 2993 1574 3065 alias
1609 2994 2137 3088 compilationes
2176 2993 2444 3065 aditum
2475 2993 2743 3066 invenit
2768 2993 3055 3087 Turpini

973 3215 1048 3279 (1)
1087 3213 1175 3268 De
1200 3227 1312 3286 quo
1341 3211 1463 3270 vide
1487 3215 1749 3270 Histoire
1768 3214 2049 3288 poetique
2066 3213 2144 3272 de
2164 3212 2624 3286 char-leniaque,
2645 3227 2703 3284 p.
2725 3216 2815 3268 93.

975 3302 1052 3370 (2)
1088 3303 1224 3357 Post
1249 3316 1310 3356 ea
1343 3316 1470 3375 quoe
1501 3317 1665 3374 supra
1690 3302 1983 3360 retulimus
2012 3309 2093 3376 (p.
2126 3307 2218 3370 28)
2248 3301 2317 3360 de
2344 3300 2516 3359 servis
2544 3304 2602 3358 S.
2628 3299 2895 3374 Dionysio
2921 3317 3057 3374 qua·
3120 3289 3125 3296 ’

903 3396 1031 3446 tuor
1066 3404 1328 3447 numeros
1367 3389 1751 3463 reddentibuS,
1795 3389 1956 3449 addit
2002 3393 2301 3450 translator
2343 3389 2801 3464 Sandionysiacus
2818 3411 2844 3447 ⁴:
2880 3415 2903 3439 a
2928 3395 3057 3448 Par

899 3485 1042 3536 tant
1087 3482 1142 3535 si
1183 3495 1256 3536 ne
1291 3479 1422 3536 doit
1451 3496 1525 3536 on
1553 3497 1668 3554 pas
1695 3480 1904 3538 cuider
1934 3499 2048 3555 que
2076 3497 2139 3538 oe
2160 3485 2277 3539 soit
2300 3497 2569 3554 servrzqe,
2608 3483 2745 3536 ains
2782 3486 2871 3536 est
2896 3481 3058 3538 droit

896 3567 1357 3626 establissement
1395 3570 1467 3625 de
1504 3571 1829 3641 franchise.
1876 3574 2002 3630 Car
2039 3575 2195 3628 ainsi
2232 3572 2329 3642 fist
2364 3569 2710 3627 Alexandre
2745 3569 2799 3626 le
2844 3569 3057 3626 Graud
3107 3614 3112 3619 .

902 3665 1094 3731 quant
1123 3657 1173 3714 il
1197 3665 1298 3715 eut
1329 3662 1566 3730 conquis
1594 3665 1720 3717 tout
1741 3663 1985 3730 orient,
2009 3678 2117 3734 que
2146 3669 2277 3718 tous
2304 3659 2477 3717 ceula·
2499 3664 2599 3734 qm·
2618 3657 2725 3733 luy
2752 3658 3058 3716 rendoient

895 3755 1111 3822 quatre
1137 3749 1368 3806 deniers
1387 3749 1648 3822 seu-ssent
1667 3754 1887 3823 quitto-5
1924 3752 2193 3809 detenta
2215 3755 2392 3809 autre
2425 3757 2738 3807 coustume.
2776 3753 2937 3806 Dent
2970 3747 3056 3806 les

869 3855 1031 3913 -roys
1067 3839 1145 3898 de
1185 3842 1420 3898 France
1447 3843 1657 3914 paient
1696 3839 1950 3898 chasczm
1991 3858 2073 3898 an
2112 3847 2325 3914 quatre
2364 3839 2573 3910 besam
2606 3837 2738 3898 d’or
2765 3843 2827 3896 et
2856 3837 3057 3896 dessus

895 3928 1052 3986 leurs
1073 3929 1255 4003 chief-s
1277 3929 1365 3987 les
1401 3929 1635 4005 osfrent
1669 3947 1753 3987 au
1789 3934 2037 4001 martir,
2078 3947 2153 3988 en
2191 3934 2673 4004 recoqnoissance
2700 3928 2873 4002 qu’ae'ls
2904 3931 3051 3986 tien·

809 4012 814 4016 ’
894 4025 1040 4076 nent
1082 4021 1152 4077 de
1186 4020 1340 4076 Πίον,
1379 4023 1435 4076 et
1467 4019 1538 4076 de
1565 4017 1666 4093 luy
1701 4026 1833 4077 tout
1871 4020 1926 4077 le
1958 4019 2239 4093 roydume
2278 4020 2353 4078 de
2395 4025 2639 4088 France,
2674 4035 2736 4076 ce
2780 4017 2955 4092 qu'ils
2980 4034 3055 4074 ne

879 4109 1128 4187 scissent
1149 4125 1224 4175 en
1247 4107 1407 4166 nulle
1431 4111 1692 4180 muniere
1711 4113 1763 4165 si
1788 4124 1850 4166 ee
1869 4109 2022 4183 feast
2048 4127 2124 4167 en
2146 4127 2283 4166 nom
2308 4110 2382 4166 de
2397 4124 2661 4181 servaqe.
2682 4105 2873 4186 Apres
2888 4109 3055 4180 prist

895 4197 950 4254 le
982 4213 1090 4269 roy
1123 4213 1192 4254 sa
1223 4213 1514 4254 conrnune
1540 4203 1597 4254 et
1626 4198 1692 4254 la
1719 4201 1858 4254 mist
1891 4215 1993 4254 sur
2022 4197 2231 4256 l'autel
2254 4219 2274 4253 .·
2298 4197 2367 4254 la
2405 4214 2687 4255 conrnune
2721 4197 2795 4254 de
2830 4201 3055 4254 Franoe

896 4288 1054 4346 livra
1097 4304 1169 4345 en
1195 4286 1389 4360 qarde
1425 4286 1498 4343 de
1532 4291 1681 4344 Dieu
1726 4293 1786 4344 et
1826 4287 1902 4344 de
1936 4291 2100 4345 saint
2129 4291 2327 4357 Denis,
2369 4295 2427 4344 et
2450 4304 2510 4344 se
2534 4287 2745 4345 demist
2772 4286 2842 4343 de
2868 4289 3053 4343 toules

825 4386 830 4391 ’
894 4377 1191 4434 honneurs
1219 4378 1538 4432 terriennes
1563 4375 1639 4449 (t.
1666 4377 1828 4448 Πᾶν.
1858 4379 2015 4448 281).
2038 4401 2065 4427 ι.
