3640 5566
1404 714 1487 731 -.
1522 689 1597 748 31
1642 715 1725 732 -.

495 812 883 873 narrantur.
931 807 1006 877 ln
1057 815 1364 886 secundo
1417 818 1894 912 supplemento
1933 814 2037 911 (1)
2090 825 2406 886 narratur
2445 813 2628 885 beati

492 917 766 1016 Turpini
798 950 1045 1025 corpus
1080 963 1113 998 α
1139 937 1339 1027 juxta
1365 940 1726 1031 Viennam,
1756 944 1933 1014 ultra
1951 942 2314 1015 Rodanum
2343 941 2623 1031 scilicet,

492 1044 733 1120 versus
788 1053 1168 1152 Orientem,
1244 1063 1314 1134 in
1370 1067 1673 1165 quadam
1728 1067 2013 1166 ecclesia
2074 1066 2243 1148 olim,
2287 1057 2632 1159 sepultum

492 1167 724 1242 fuisse.
750 1201 785 1238 n
855 1178 1103 1286 Sicque
1155 1189 1593 1282 prosequitur
1638 1201 1950 1262 narrator
1986 1217 2001 1260 ε
2041 1190 2309 1290 ᾳῦυῇυε
2344 1187 2631 1260 sanctis-

492 1296 739 1368 simum
794 1321 1043 1410 corpus
1105 1311 1351 1381 nostris
1407 1315 1833 1407 temporibus
1897 1314 2177 1409 quidam
2237 1335 2326 1384 ex
2386 1312 2638 1384 uostris

493 1421 755 1494 clericis
788 1430 1095 1518 quodam
1134 1429 1491 1538 sarcofago
1534 1440 1832 1534 optimo,
1879 1438 2384 1534 episcopalibus
2421 1438 2634 1510 vesti-

491 1547 623 1619 bus
664 1551 981 1626 indutum
1006 1611 1024 1648 ,
1081 1561 1254 1653 pelle
1306 1565 1579 1658 propria
1619 1576 1687 1638 et
1724 1567 1994 1638 ossibus
2031 1565 2262 1638 adhuc
2291 1565 2636 1656 integrum

492 1675 936 1767 invenerunt,
986 1682 1061 1756 e't
1088 1686 1176 1756 ab
1225 1687 1334 1758 illa
1373 1691 1683 1780 ecclesia,
1724 1715 1886 1785 quae
1925 1702 2190 1764 vastata
2223 1699 2396 1778 erat,
2437 1690 2633 1792 detuf·

489 1799 716 1872 lerunt
752 1802 919 1877 illud
939 1807 1109 1880 citra
1124 1810 1485 1912 Rodanum
1520 1814 1593 1885 in
1626 1815 1896 1905 urbem,
1934 1826 2004 1888 et
2030 1814 2445 1910 sepelierunt
2472 1829 2630 1885 eum

491 1923 564 1995 in
588 1927 873 2000 ecclesia
897 1930 1029 2004 alia
1058 1932 1177 2005 ubi
1207 1958 1391 2008 nunc
1420 1953 1809 2032 veneratur.
1849 1969 1883 2004 2»
1920 1940 2069 2010 Fuit
2095 1960 2259 2030 ergo
2283 1939 2635 2010 Viennen-

493 2053 589 2156 sis
619 2063 855 2126 auctor
882 2055 1091 2149 hujus
1119 2059 1423 2154 capituli,
1460 2075 1538 2133 ut
1564 2064 1932 2164 ostendunt
1967 2065 2122 2136 haec
2141 2063 2379 2150 verba,
2423 2093 2458 2128 α
2484 2055 2635 2157 qui-'-

448 2270 453 2276 ¹
494 2179 653 2282 dam
698 2202 790 2251 ex
824 2182 1093 2284 „nostris
1138 2183 1431 2286 clericis,
1480 2173 1525 2250 »³
1552 2187 1685 2258 Sed
1725 2209 1881 2258 eum
1921 2208 2200 2288 quoque
2238 2185 2637 2280 posterioris

490 2301 1098 2399 Pseudo-Turpini
1132 2309 1335 2410 partis
1376 2322 1915 2383 auctorem-esse
1947 2312 2094 2383 sine
2149 2332 2402 2401 magna
2435 2310 2637 2414 dubi-7

493 2427 755 2504 'tatione
786 2432 1145 2505 admittere
1190 2456 1580 2528 possumus.
1628 2439 1706 2507 In
1750 2438 2085 2530 illaenim
2123 2447 2438 2510 narratur
2470 2439 2638 2509 Tur-

496 2559 729 2654 pinum
762 2558 1108 2632 Viennam
1149 2564 1569 2660 perrexisse,
1612 2593 1643 2628 α
1684 2574 1751 2635 et
1792 2565 1887 2635 ibi
1915 2539 2278 2637 vulnerum
2308 2565 2640 2637 cicatrici·
2706 2574 2711 2581 ’

490 2683 629 2755 bus
671 2685 1213 2787 verberibusque
1266 2696 1335 2787 et
1389 2688 1944 2782 percussionibus
2002 2690 2367 2783 multisque
2424 2688 2639 2789 alapis

492 2818 669 2904 'quas
741 2808 809 2881 in
884 2802 1213 2911 Hispania
1296 2813 1619 2883 retulerat
1690 2814 2159 2915 angustiatum·
2232 2804 2640 2886 remansisse

491 2934 602 3032 (c.
650 2934 919 3032 XXX).
956 2965 1011 3021 ³³.
1052 2937 1279 3021 Quare
1320 2936 1661 3031 Turpinus
1700 2938 2070 3008 Viennam
2123 2938 2392 3027 veniat,
2448 2936 2637 3011 nullo

494 3054 705 3133 modo
730 3059 1139 3144 declaratur,
1173 3060 1439 3155 hocque
1471 3070 1540 3133 et
1569 3083 1755 3133 verae
1775 3061 2082 3135 historiae
2108 3075 2176 3134 et
2201 3062 2396 3158 poesi
2423 3062 2636 3158 epicae

494 3184 941 3287 contrarium.
980 3183 1238 3255 Fabula
1273 3184 1401 3255 ista
1433 3185 1690 3255 nullam
1728 3168 1892 3277 ergo
1928 3194 2151 3280 potest
2185 3185 2439 3258 habere
2465 3207 2618 3258 cau·

420 3356 425 3359 -
494 3318 665 3397 sam,
715 3310 846 3380 nisi
879 3308 968 3379 ad
1001 3300 1548 3403 supplementum
1586 3307 1757 3380 illud
1796 3286 2078 3403 spectet,
2129 3308 2330 3403 eique
2373 3286 2637 3405 praepa·

495 3434 667 3507 ratio
689 3434 829 3505 fiat.
849 3434 1182 3506 Eumdem
1206 3432 1414 3524 igitur
1439 3442 1784 3503 auctorem
1809 3433 2065 3505 habent
2085 3434 2636 3528 supplementum

494 3558 553 3629 ΙΙ
576 3570 641 3630 et
659 3556 1033 3652 capitulum
1058 3556 1280 3627 XXXI
1302 3557 1409 3627 vel
1434 3557 1663 3650 potius
1689 3556 1986 3652 capitula
2008 3556 2454 3629 VI-XXXII
2477 3579 2636 3628 cum

493 3685 810 3781 prologo;
867 3682 926 3752 is
971 3690 1211 3753 auctor
1249 3658 1535 3752 clericus
1587 3690 1733 3752 erat
1788 3681 2231 3771 ViennensiS,
2291 3682 2472 3753 eirca
2516 3681 2636 3753 MC

492 3806 858 3896 scribebat,
885 3820 953 3880 et
979 3806 1207 3879 Sancti
1230 3805 1464 3878 Jacobi
1494 3805 1849 3877 ecclesiam
1881 3807 2158 3879 amabat
2181 3806 2638 3900 laudibusque

493 3934 823 4007 extollere
858 3928 1198 4003 studebat.
1931 3918 1935 3923 ’

586 4062 990 4151 Congruunt
1025 4056 1234 4149 igitur
1268 4076 1430 4150 quae
1460 4055 1713 4129 indicia
1758 4079 1842 4129 ex
1883 4066 2201 4129 accurate
2224 4055 2639 4149 investigato

488 4187 663 4285 libro
708 4184 955 4256 elicere
982 4180 1351 4287 ‚potuimus
1384 4202 1542 4251 cum
1579 4178 1691 4252 illa
1746 4180 1989 4253 notitia
2034 4180 2373 4255 Guidonis
2401 4181 2638 4257 Allard

564 4462 641 4531 (t)
678 4460 764 4514 De
795 4454 882 4512 bis
909 4451 1307 4525 supplementis
1334 4448 1499 4507 infra.
