3640 5566
1895 686 1973 697 ...
2012 654 2096 717 -40
2130 688 2215 702 -.

1095 783 1449 854 Miracula
1517 787 1758 857 sancti
1803 785 2059 857 Jacobi
2116 810 2286 882 ergo
2353 791 2561 879 Μῦες
2628 794 2993 861 Sermones
3046 788 3153 859 de-

1001 888 1242 976 &aneto
1277 906 1547 979 Jacobo
1577 931 1718 980 non
1756 910 2167 985 sinceriores
2208 934 2359 986 esse
2390 916 2483 985 D.
2529 912 2731 987 Rivet
2770 915 3135 986 verisimil-

991 1029 1233 1101 limum
1284 1032 1466 1104 fecit.
1519 1032 1701 1119 Quid
1741 1034 1830 1108 de
1866 1032 2152 1110 historia
2194 1038 2611 1111 inventionis
2648 1036 2932 1133 Turpini
2974 1060 3139 1111 oen-

991 1152 1284 1225 sendum
1345 1156 1546 1250 pauci
1595 1158 2046 1249 dubitabunt,
2098 1162 2595 1256 epistolamque
2642 1184 2780 1255 qua
2828 1164 3139 1234 summus

989 1276 1313 1349 Pontifex
1345 1280 1718 1374 Turpinurn
1757 1282 2227 1357 authenticum
2247 1283 2549 1357 declarat
2576 1306 2811 1357 veram
2834 1304 3137 1357 asserere

944 1407 949 1413 ’
993 1387 1227 1489 nemo,
1269 1413 1342 1473 ut
1371 1403 1644 1497 opinor,
1681 1402 2009 1491 confidet,
2036 1406 2159 1500 qui
2184 1407 2613 1484 etRomanae
2638 1407 2851 1480 curiae
2878 1407 3133 1501 stylum

985 1539 1054 1602 et
1086 1527 1340 1601 criticae
1375 1530 1542 1600 artis
1567 1530 1907 1601 elementa
1945 1531 2299 1624 paululum
2332 1531 2597 1605 calleat.

1079 1786 1304 1858 Series
1340 1785 1552 1877 igitur
1583 1784 1700 1857 illa
1737 1786 1827 1858 ab
1858 1806 2003 1857 uno
2030 1786 2415 1881 eodemque
2450 1789 2637 1859 fonte
2673 1784 3123 1882 probabiliter

977 1894 1243 2001 defluit,
1292 1930 1456 2003 quae
1493 1932 1634 1982 non
1676 1908 1800 1982 has
1844 1912 2327 1986 tantummodo
2359 1934 2579 2005 nugas
2628 1913 2830 1984 fudit.
2880 1912 3125 1984 Exstat

979 2036 1163 2109 enim
1211 2036 1280 2105 in
1329 2034 1573 2105 iisdem
1621 2035 1981 2107 codicibus
2034 2037 2187 2109 baec
2242 2038 2564 2133 epistola,
2616 2040 3019 2110 Innocentio
3062 2040 3120 2111 Π

977 2182 1182 2259 papae
1213 2158 1494 2245 tributa,
1541 2158 1632 2231 de
1671 2160 1867 2251 cujus
1904 2160 2197 2234 falsitate
2230 2162 2471 2250 silebo,
2511 2184 2725 2256 quum
2764 2172 2835 2233 et
2865 2162 3120 2234 indicia

973 2284 1316 2382 permulta
1350 2283 1510 2371 sint,
1545 2293 1616 2357 et
1643 2282 1750 2355 vir
1779 2283 2219 2373 doctissimus
2250 2288 2322 2356 L.
2356 2286 2615 2358 Delisle
2640 2287 2759 2357 illa
2795 2307 2963 2357 mox
2992 2308 3117 2381 pa·-

973 2411 1268 2482 tefaoere
1313 2407 1622 2480 intendat
1657 2435 1680 2479 ε

993 2556 1004 2565 ·
1074 2560 1110 2597 α
1155 2532 1592 2625 Innocentius
1623 2532 2018 2627 episcopuS,
2060 2556 2305 2606 servus
2356 2554 2712 2605 servorum
2759 2535 2912 2622 Dei,
2964 2535 3115 2605 uni·

973 2654 1190 2727 versis
1230 2654 1538 2725 Ecclesia
1565 2654 1722 2725 filiis
1759 2656 2053 2727 salutem
2084 2667 2151 2728 et
2186 2657 2633 2751 apostoticam
2680 2656 3108 2729 benedictio·
3140 2689 3145 2694 ¹

965 2802 1126 2852 nem
1175 2779 1240 2849 in
1272 2776 1565 2850 Christo.
1608 2778 1809 2851 Hunc
1844 2780 2179 2869 codicem,
2224 2804 2266 2853 a
2300 2779 2591 2853 Domino
2628 2803 2810 2877 papa
2836 2782 3105 2854 Calixto

960 2907 1278 3002 primitus
1325 2903 1613 2991 editum,
1677 2925 1886 2996 quem
1946 2905 2387 3000 Pyctavensis
2442 2905 2824 2977 Aimericus
2873 2907 3107 2979 Pican-

961 3032 1095 3103 dus
1128 3031 1218 3102 de
1256 3028 1638 3100 Partiniaco
1665 3029 1909 3116 veteri,
1944 3030 2065 3123 qui
2102 3040 2172 3102 et
2212 3031 2527 3102 Oliverus
2558 3031 2651 3102 de
2688 3031 3102 3104 Yscanivilla
3224 3125 3233 3132 ·

957 3165 1192 3227 sancte
1235 3152 1448 3225 Marie
1484 3135 1841 3224 Madalene
1880 3153 1971 3224 de
2009 3153 2345 3226 vizeliaco
2387 3153 2661 3244 dicitur,
2708 3163 2777 3225 et
2804 3155 3100 3248 Giberga

955 3269 1395 3353 Flandrensis
1427 3277 1617 3350 socia
1649 3277 1826 3368 ejuS,
1871 3281 1996 3372 pro
2040 3278 2740 3349 animarum-suarum
2783 3279 3101 3374 redemp-

957 3408 1162 3492 tione,
1209 3415 1443 3475 sancto
1482 3403 1744 3475 Jacobo
1788 3403 2249 3487 Galetianensi
2294 3403 2653 3490 dederunt,
2698 3404 2934 3475 verbis
2982 3429 3101 3476 ve·

953 3530 1406 3616 racissimum,
1442 3526 1715 3599 actione
1752 3526 2313 3621 pulcherrimum,
2363 3528 2451 3598 ab
2490 3527 2792 3599 heretica
2828 3539 2894 3599 et
2934 3552 3098 3623 apo-

955 3645 1212 3751 oripba'
1247 3651 1586 3748 pravitate
1619 3650 2031 3741 alienum,et
2072 3651 2252 3722 inter
2290 3650 2787 3722 ecclesiasticos
2824 3653 3099 3726 codices

945 3777 1373 3851 autenticum
1409 3786 1478 3845 et
1509 3795 1743 3845 carum
1786 3774 1913 3843 fori
1949 3774 2317 3845 auctoritas
2358 3786 2587 3845 nostra
2624 3773 2825 3845 vobis
2860 3776 3097 3848 testifi-

943 3915 1170 3991 catur,
1231 3897 1845 3973 excommunicans
1900 3911 1965 3968 et
2022 3899 2636 3986 anathematizanS,
2687 3901 3093 3974 auctoritate

943 4028 1069 4099 Dei
1094 4025 1310 4098 Patris
1339 4021 1860 4118 omnipotentis,
1884 4022 2106 4093 Patris
2137 4033 2205 4094 et
2223 4022 2371 4092 Filii
2401 4033 2469 4094 et
2492 4024 2793 4118 Spiritus
2822 4026 3085 4112 Sancti,

939 4153 1096 4225 illos
1133 4152 1252 4245 qui
1302 4151 1552 4220 latores
1589 4149 1656 4218 in
1705 4149 1949 4219 itinere
1988 4148 2204 4219 sancti
2249 4150 2490 4220 Jacobi
2533 4151 2709 4221 forte
2751 4151 3089 4244 inquieta-

934 4286 1219 4362 verunt,
1252 4274 1363 4345 vel
1403 4275 1519 4367 qui
1566 4274 1656 4345 ab
1696 4274 2007 4362 ejusdem
2042 4276 2336 4368 apostoli
2369 4275 2677 4362 basilica,
2718 4286 3082 4370 postquam

931 4403 1028 4476 ibi
1063 4402 1335 4473 oblatus
1379 4401 1606 4489 fuerit,
1648 4398 1904 4489 injuste
1946 4399 2150 4470 illum·
2184 4400 2613 4500 abstulerunt
2656 4401 2769 4472 vel
2812 4402 3086 4502 frauda-
