3640 5566
1407 638 1724 696 ...53...

500 773 647 855 tur;
698 767 923 840 littera
963 795 1049 857 α,
1092 771 1393 867 exempli
1442 781 1693 864 gratia,
1743 769 1809 839 in
1872 767 2238 839 verborum
2287 768 2425 838 tine
2473 789 2640 858 non,

497 897 575 959 ut
607 889 679 961 in
722 893 959 966 codice
998 897 1219 987 5714,
1260 919 1417 968 cum
1456 896 1679 967 littera
1712 919 1753 964 e
1789 891 2168 966 contendit.

605 1019 1094 1092 Sanctonensis
1114 1030 1299 1094 certe
1328 1043 1466 1094 non
1500 1019 1629 1092 fuit
1650 1017 1907 1112 illequi
1938 1017 2344 1112 Turpinum‚
2361 1017 2649 1110 jubente

498 1145 812 1220 Yolande
854 1155 923 1216 et
967 1145 1215 1218 marito
1264 1147 1413 1239 eJus
1458 1149 1775 1238 Hugone‚
1814 1143 1886 1214 in
1915 1134 2246 1236 'gallicum
2284 1143 2648 1216 transtulit.

499 1271 735 1344 Codex
772 1272 985 1358 57¹4,
1028 1269 1095 1340 in
1145 1270 1307 1362 fine,
1354 1271 1731 1344 clausulam
1776 1289 1988 1362 quam
2039 1289 2246 1364 supra
2293 1269 2652 1349 retulimus

498 1398 597 1468 sic
636 1396 849 1468 habet
887 1423 904 1466 :
956 1425 989 1459 t<
1035 1397 1128 1468 Οἱ
1157 1412 1264 1467 est
1288 1393 1512 1490 fhnia
1542 1395 1874 1466 l’eseoira.
1919 1401 2070 1466 Des
2104 1392 2273 1465 dont
2309 1419 2404 1466 au
2442 1411 2650 1467 coma

497 1517 584 1591 de
626 1523 835 1590 Saint
876 1523 980 1588 Ρο
1021 1520 1175 1602 via,
1223 1520 1356 1616 qui
1388 1517 1461 1588 la
1474 1521 1588 1610 fit
1610 1534 1840 1609 ¹metra
1889 1514 1975 1594 tle
2017 1515 2198 1588 latin
2237 1542 2326 1588 en
2359 1521 2649 1591 romanz

497 1666 665 1712 senz
704 1642 885 1711 rima
922 1665 1064 1737 por·
1096 1642 1336 1712 mieua:
1382 1637 1755 1720 encendm.
1805 1643 2008 1730 Qum·
2045 1664 2170 1737 ppo
2203 1655 2376 1736 puet
2420 1643 2649 1713 main!

497 1782 621 1828 sen
653 1755 1038 1852 aprendra.
1078 1758 1278 1830 Dites
1321 1781 1539 1828 amen
1576 1770 2150 1838 comunaument,
2193 1781 2331 1855 que
2369 1763 2514 1827 Des
2545 1757 2656 1828 lot·
2717 1830 2722 1833 .

501 1878 675 1952 donc
702 1895 921 1980 grant
943 1879 1113 1978 joia
1147 1880 1539 1968 ensembla,
1578 1909 1617 1954 e
1651 1881 1698 1952 ὰ
1737 1879 2083 1951 Nt'cleolas
2123 1880 2210 1952 de
2247 1883 2642 1968 saint-Lis,
2735 1921 2751 1936 .

502 2010 622 2080 cui
646 2024 862 2108 grant
898 2007 1125 2078 henot·
1154 2005 1327 2079 dont
1350 2008 1573 2080 Ikesu
1596 2008 1803 2080 Crist.
1838 2014 2093 2078 Amen.
2135 2038 2170 2074 ιο
2209 2009 2551 2083 Saint-Lis
2579 2013 2647 2084 in

502 2136 726 2208 medio
776 2159 927 2208 aevo
978 2156 1108 2230 pro
1165 2135 1388 2208 Senlis
1452 2157 1641 2231 saepe
1695 2135 2060 2223 scribitur;
2119 2134 2648 2211 Silvanectensis

498 2282 667 2352 ergo
708 2262 1037 2333 Nicolaus
1065 2270 1235 2333 erat.
1278 2261 1533 2356 Nequit
1570 2261 1779 2352 igitur
1809 2260 1944 2334 hoc
1981 2283 2235 2333 nomen
2273 2260 2645 2360 interpola-

502 2384 669 2456 toris
736 2405 928 2466 esse,
1004 2383 1118 2477 qui
1188 2383 1671 2454 sanctonensis
1741 2392 1931 2472 erat,
2006 2383 2131 2455 sed
2186 2385 2640 2480 translatoris,

499 2508 691 2602 qnod
728 2509 1171 2601 interpolator
1223 2527 1263 2581 e
1303 2506 1541 2588 codice
1590 2528 1731 2578 non
1788 2507 2207 2602 interpolato
2254 2507 2640 2606 descripsit.

499 2639 649 2711 Non
690 2661 855 2732 ergo
893 2636 1189 2730 amplius
1217 2645 1459 2709 auctor
1497 2633 1846 2708 Chronici
1887 2639 2149 2734 Regum
2175 2640 2638 2726 Francorum,

497 2760 689 2854 quod
731 2760 803 2831 in
838 2758 1079 2832 codice
1116 2761 1309 2831 5714
1346 2757 1761 2847 continetur,
1797 2756 2038 2831 haberi
2082 2757 2288 2837 debet
2325 2760 2644 2839 Nicolans

503 2884 1075 2974 silvanectensis,
1116 2886 1240 2958 sed
1282 2907 1711 2981 anonymus;
1758 2884 2086 2957 Nicolaus
2137 2896 2404 2977 autem,
2457 2911 2644 2966 anno

498 3010 765 3083 circiter
811 3009 1009 3096 MCC,
1051 3007 1737 3104 Pseudo-Turpinnm
1775 3006 2110 3079 Gallicum
2163 3003 2364 3097 fecit,'
2404 3033 2640 3105 quem,

500 3154 639 3206 non
670 3131 888 3204 multo
923 3142 1073 3227 post
1099 3131 1233 3226 (l),
1260 3131 1431 3202 miro
1462 3130 1673 3203 modo
1704 3118 2194 3203 Sanctonensis
2222 3153 2636 3227 anonymus,

497 3257 810 3331 Chronici
844 3266 1111 3348 auctor,
1147 3256 1609 3352 interpolavit.

594 3382 762 3453 Haec
782 3379 1131 3451 translatio
1148 3401 1330 3453 anno
1345 3380 1749 3467 MDXXVH,
1783 3378 2084 3470 Parisiis,
2113 3379 2294 3475 typis
2319 3380 2644 3455 mandata

497 3508 652 3591 fuit,
670 3527 1067 3600 quanquam
1094 3526 1276 3599 saepo
1294 3504 1554 3578 dictum
1579 3515 1682 3577 est
1700 3504 1773 3576 in
1798 3504 1913 3575 ina
1930 3503 2235 3577 editione
2266 3504 2646 3580 translatio·
2731 3488 2734 3493 ’

497 3653 653 3703 nem
684 3630 968 3702 Roberti
1002 3629 1295 3722 Gaguini
1324 3641 1621 3718 exstare,
1672 3630 1864 3722 quod
1900 3629 2183 3701 minime
2222 3651 2463 3701 verum
2495 3653 2644 3705 esse
2705 3636 2710 3640 ’

499 3738 912 3829 mohstravit
952 3755 1013 3825 1.
1069 3756 1145 3826 e.
1184 3755 1442 3827 Brunet
1480 3755 1550 3825 in
1588 3755 1763 3825 libro
1805 3752 1918 3825 oni
1957 3753 2192 3824 titulus
2235 3750 2643 3851 Bibliopolae

498 3875 954 3953 Enckiridion
994 3877 1118 3972 (2).
1172 3880 1379 3951 Recte
1427 3898 1707 3973 quoque
1756 3876 1928 3949 dicit
1965 3876 2150 3949 idem
2187 3876 2479 3972 scriptor
2509 3878 2643 3952 hoc

499 4027 641 4078 non
692 4027 933 4101 puram
988 4024 1135 4075 esse
1176 4003 1689 4076 translationem
1734 4032 1752 4075 :
1802 4031 1838 4067 α
1879 4000 2211 4074 L'auteur
2227 4026 2298 4097 y
2323 4026 2372 4070 a
2401 4000 2654 4099 ajouee‘

497 4127 802 4200 diverses
858 4130 1401 4210 caerconseances,
1449 4143 1674 4199 toules
1696 4126 1808 4199 ‘de
1859 4153 1990 4199 son
2025 4119 2524 4225 imaginatio&
2575 4146 2646 4200 et

574 4312 647 4384 (1)
682 4316 829 4367 Ante
860 4312 1058 4369 MCCL
1089 4311 1275 4383 scripti
1297 4310 1555 4369 videntur
1577 4311 1747 4369 ambo
1776 4310 2016 4369 codices.

572 4404 647 4466 (2)
688 4400 748 4455 ln
784 4399 1081 4455 novissima
1112 4396 1379 4468 editione,
1410 4406 1453 4456 t.
1479 4403 1551 4468 V,
1586 4414 1640 4471 p.
1670 4404 1789 4455 981.
