3640 5566
1933 672 2255 734 ...34-

1015 809 1090 880 in
1117 796 1747 902 Evangeliopatet,
1782 807 2155 894 revelavit3
2186 805 2285 875 sic
2320 826 2442 899 per
2474 824 2599 875 eos
2636 816 2773 875 lres
2810 804 2937 875 has
2964 802 3166 874 sedes

1013 954 1162 1027 proe
1215 930 1541 1003 omnibus
1593 931 1807 1003 cosmi
1862 930 2147 1002 sedibus
2194 928 2613 1001 reverendas
2662 929 3033 1031 constituit.
3079 928 3167 999 Ει

1013 1055 1254 1127 merito
1309 1054 1420 1127 hae
1475 1056 1676 1128 sedes
1723 1056 2047 1129 dicuntur
2118 1055 2523 1149 principales
2567 1081 2584 1126 ε
2628 1056 2793 1149 quia
2849 1056 3023 1127 sicut
3088 1054 3157 1125 hi

1014 1188 1152 1251 tres
1182 1178 1475 1274 apostoli
1507 1178 1863 1272 dignitatis
1888 1177 2108 1269 gratia
2141 1189 2403 1251 ceteros
2443 1187 2946 1273 praecesserunt
2971 1198 3165 1273 apos-

1014 1302 1216 1389 tolos»,
1268 1302 1368 1373 sic
1411 1302 1563 1373 loca
1606 1302 1719 1373 illa
1751 1312 2186 1375 sacrosancta
2208 1354 2227 1391 ‚
2280 1302 2350 1373 in
2397 1302 2653 1395 quihus
2702 1304 3161 1399 praedicarunt

1010 1433 1082 1495 et
1125 1423 1376 1519 sepulti
1427 1426 1739 1511 fuerunt,
1806 1424 2159 1517 dignitatis
2226 1425 2637 1497 excellentia
2700 1426 2912 1498 totius
2968 1426 3159 1497 orbis

1010 1548 1212 1621 sedes
1235 1550 1394 1640 jnre
1444 1548 1841 1644 praecedere
1872 1548 2155 1621 debent.
2207 1550 2242 1620 J
2249 1572 2367 1620 ure
2403 1570 2691 1622 romana
2732 1550 2933 1623 sedes
2964 1572 3163 1645 apos-

1010 1672 1216 1745 tolica
1260 1674 1710 1767 praeponitur,
1749 1672 1917 1767 quia
1958 1694 2110 1745 eam
2157 1674 2477 1769 princeps
2514 1676 2989 1768 apostolorum
3031 1676 3157 1747 Pe·

1015 1808 1156 1869 trus
1201 1796 1700 1891 praedicatione
1741 1817 1871 1870 sua
1915 1808 1985 1867 et
2019 1797 2303 1891 proprio
2340 1796 2675 1890 sanguine
2713 1807 2783 1868 el
2810 1798 3160 1892 sepultura

1007 1921 1380 1996 dedicavit.
1413 1922 1963 2018 Compostellana
2005 1944 2287 2016 quoque
2332 1923 2531 1995 sedes
2566 1923 2873 1996 secunda
2910 1924 3155 1997 merito

1007 2046 1284 2137 dicitur,
1317 2048 1482 2143 quia
1524 2049 1771 2121 beatus
1793 2047 2115 2135 Iacobus,
2148 2048 2265 2141 qui
2298 2048 2473 2119 inter
2504 2059 2773 2120 ceteros
2806 2049 3161 2143 apostolos

1009 2173 1360 2269 praecipue
1399 2172 1734 2266 dignitate
1769 2182 1840 2245 et
1884 2174 2148 2247 honore
2200 2172 2283 2245 ac
2332 2174 2691 2246 honestate
2733 2178 2959 2267 major
3010 2182 3161 2270 post

1007 2299 1288 2372 beatum
1341 2300 1618 2372 Petrum
1667 2298 1968 2385 exstitit,
2017 2309 2091 2370 et
2144 2298 2211 2370 in
2270 2300 2467 2371 coelis
2524 2300 2889 2395 primatum
2954 2322 3160 2395 super

1007 2434 1276 2498 ceteros
1313 2435 1538 2511 tenet,
1590 2424 1780 2519 prius
1824 2424 2152 2519 martyrio
2190 2426 2564 2514 laurealu3‚
2618 2447 2771 2497 eam
2820 2427 3163 2521 praedica-

1010 2549 1196 2621 tione
1237 2571 1364 2621 sua
1407 2550 1571 2620 olim
1611 2549 1938 2635 munivit,
1988 2570 2110 2619 sua
2154 2549 2583 2621 sanctissima
2620 2551 2963 2644 sepultura
3004 2572 3165 2622 con-

1008 2675 1329 2765 secravit,
1391 2684 1460 2747 et
1509 2674 1863 2745 miraculis
1916 2671 2149 2744 adhuc
2209 2674 2539 2759 illustrat,
2609 2672 3163 2747 indeficientibus

1006 2800 1366 2872 beneficiis
1417 2799 1891 2871 indesinenter
1924 2798 2147 2870 ditare
2184 2819 2326 2870 non
2388 2805 2637 2870 cessat.
2685 2797 2907 2871 Tertia
2962 2800 3163 2873 sedes

1010 2937 1199 2998 recto
1246 2925 1564 3020 Ephesus
1611 2924 1891 3012 dicitur,
1942 2938 2072 2996 etc.
2130 2955 2165 2990 ι»
2214 2927 2691 3021 compostellae
2737 2947 3018 3019 qnoque
3064 2924 3165 2996 di-

1006 3051 1266 3124 dicerat
1305 3059 1542 3122 noster
1573 3046 1774 3121 Iriam
1817 3074 1853 3114 α
1888 3069 2011 3144 pro
2046 3051 2219 3123 urbe
2251 3051 2703 3146 reputandam
2734 3071 2873 3124 non
2906 3070 3061 3123 esse
3088 3079 3154 3136 n,

1007 3186 1374 3268 ceteraque
1409 3173 1683 3247 similia.

1101 3299 1290 3394 Papa
1329 3299 1564 3389 *factus
1626 3308 1732 3370 est
1784 3293 2054 3383 Gnido,
2110 3299 2433 3372 defuncto
2486 3301 2760 3373 Gelasio
2815 3301 2870 3370 ll
2899 3354 2918 3390 ,
2970 3319 3156 3372 anno

1006 3423 1317 3511 ΜΟΧΙΧ,
1369 3421 1654 3515 jamque
1703 3442 1889 3493 anno
1941 3423 2189 3494 MCXX
2236 3425 2747 3520 Compostellae‚
2798 3445 2963 3518 quae
3002 3445 3159 3520 spe·

1008 3559 1317 3631 raverah
1377 3545 1720 3618 beneficia
1777 3547 2094 3618 contulit.
2156 3549 2455 3621 Titul'urn
2503 3551 3155 3645 archiepiscopalem

1004 3671 1266 3744 Didaco
1301 3671 1636 3744 Gelmirez
1663 3669 1879 3759 dedit,
1907 3671 2305 3762 Iriensibt1S‚
2342 3686 2643 3746 velet-em
2682 3677 3156 3771 episcopatum

1003 3799 1242 3870 saltem
1273 3792 1764 3892 repetentihuS,
1793 3816 1935 3868 non
1964 3798 2227 3888 annuit,
2256 3809 2325 3871 et
2346 3801 2875 3894 Compostellam
2904 3808 3159 3870 metro-

1006 3913 1761 4016 polim'hispanicarum
1790 3919 2255 3994 Ecclesiarum
2287 3925 2467 3996 fecit.
2492 3925 2709 3996 Simul
2740 3937 2807 3996 et
2828 3923 3160 3996 Didacum

1005 4047 1294 4140 epistola
1321 4045 1592 4118 monuit
1615 4046 1991 4120 concilium
2015 4049 2499 4143 Compostellae
2529 4071 2939 4138 convocare,
2972 4045 3161 4145 quod

1005 4183 1072 4243 et
1109 4172 1224 4242 ille
1258 4192 1442 4242 anno
1480 4170 1767 4245 MCXXI
1805 4171 1991 4244 fecit.

1098 4296 1280 4366 Ante
1309 4295 1440 4366 hos
1487 4303 1778 4366 eventus
1823 4295 2153 4390 scriptum
2195 4297 2441 4368 librum
2492 4320 2777 4386 cense03
2826 4320 2961 4369 non
2997 4320 3155 4370 ver·

1003 4423 1168 4494 bum
1211 4420 1389 4490 enim
1434 4419 1524 4490 de
1558 4418 2151 4517 archiepiscopatu
2187 4423 2381 4510 facit,
2427 4424 2618 4517 quod
2660 4433 2846 4496 certe
2890 4424 3159 4497 fecisset
