3640 5566
1935 693 2018 708 ...
2058 663 2136 724 54
2174 691 2258 706 -

1030 793 1339 896 qut‘font
1362 792 1451 864 de
1486 820 1564 866 ce
1603 795 1772 866 livre
1809 820 1906 866 un
1933 794 2282 867 ve'ritable
2303 821 2553 867 roman
2591 795 2678 866 de
2711 795 3127 872 chevalerie.
3143 830 3179 866 n

1031 923 1289 996 Habuit
1326 944 1574 1017 nempe
1615 922 1842 994 editor
1883 923 2060 994 sexti
2111 921 2364 994 decimi
2419 924 2656 995 saeculi
2699 946 2844 1018 prae
2881 947 2956 998 se
2989 927 3183 999 codi-

1028 1067 1179 1119 cem
1239 1046 1444 1140 piane
1501 1045 1746 1118 iisdem
1801 1045 2456 1142 interpolationibus
2505 1047 2935 1120 laborantem
2976 1061 3184 1146 atque

1028 1173 1238 1246 ambo
1278 1192 1455 1265 quos
1494 1192 1704 1266 supra
1736 1171 2098 1266 descripsi,
2143 1173 2693 1268 Sanctonicoque
2725 1176 2985 1248 restitui
3029 1200 3182 1250 mo-

1029 1295 1299 1386 nach03
1344 1317 1501 1366 eum
1550 1305 1803 1382 tamen,
1843 1295 2126 1390 paulum
2156 1295 2465 1389 quidem,
2503 1298 2906 1386 coarctavit,
2949 1309 3016 1370 et
3052 1300 3181 1370 iin-

1030 1443 1239 1516 guam
1270 1422 1526 1492 saecuto
1553 1441 1681 1493 suo
1712 1419 2291 1492 accommodavit.
2325 1405 2545 1512 Hujus
2574 1422 3001 1495 renovatoris
3033 1444 3186 1515 pro-

1029 1551 1263 1641 logum
1316 1567 1550 1641 operae
1621 1545 1916 1642 pretium
1978 1544 2255 1617 videtur
2311 1547 2790 1638 transcribere,
2854 1571 3068 1641 quum
3114 1559 3184 1619 et

1028 1694 1186 1746 eum
1224 1669 1508 1763 antiquo
1530 1667 1707 1740 libro
1730 1689 1937 1739 usum
1965 1687 2115 1739 esse
2153 1676 2466 1752 testetur,
2497 1676 2564 1738 et
2589 1668 2919 1765 temporis
2944 1669 3178 1762 hujuS,

1023 1819 1167 1893 quo
1211 1816 1453 1869 omnes
1508 1814 1728 1889 nuper
1783 1801 2259 1886 recuperatam
2313 1791 2794 1884 antiquitatem
2851 1803 2925 1864 ut
2986 1794 3179 1888 pueri

931 1906 943 1918 ’
1024 1920 1497 2009 imitabantur,
1542 1916 1900 2007 ingenium
1950 1914 2292 2006 redoleat;
2339 1925 2704 2009 postquam
2743 1917 2928 1989 enim
2969 1917 3180 1988 Fran-

956 2029 960 2034 ’
1022 2049 1282 2122 ciscum
1315 2065 1549 2136 regem
1592 2042 1690 2114 sic
1724 2037 2066 2112 allocutus
2111 2039 2312 2111 suerit
2351 2066 2367 2110 :
2423 2027 2480 2104 (ι’
2511 2045 2577 2109 Α
2620 2053 2760 2110 tres
2803 2040 3172 2125 excellent,

1022 2171 1504 2272 superillustre
1539 2181 1609 2239 et
1646 2182 1790 2236 tres
1831 2164 1916 2235 ele
1925 2166 2184 2235 restz'en
2228 2189 2358 2257 roy
2387 2161 2476 2235 de
2510 2167 2580 2234 F
2580 2189 2796 2235 rauce
2845 2168 3182 2256 lr’ranpois

1014 2300 1331 2399 premier
1356 2294 1444 2368 de
1480 2320 1565 2366 ce
1589 2317 1780 2376 nom,
1818 2317 1910 2361 en
1938 2307 2132 2362 toute
2159 2287 2536 2361 obedience
2571 2308 2641 2363 et
2671 2290 2957 2363 humble
2987 2315 3179 2363 reve-

1025 2449 1252 2507 rence,
1297 2419 1492 2493 salu-t
1529 2434 1601 2490 et
1620 2417 1932 2514 salicae,
1968 2441 2004 2485 n
2056 2415 2151 2486 ita
2206 2413 2446 2510 incipit
2482 2425 2720 2488 noster
2771 2447 2788 2489 ε
2847 2447 2882 2482 α
2926 2425 3181 2488 Deme-
3283 2476 3298 2495 ,

1022 2551 1201 2622 tre'us
1268 2544 1663 2618 Phalereus
1713 2541 1902 2611 auoit
1962 2538 2050 2609 de
2103 2552 2469 2609 coustume
2536 2538 2780 2634 (ainsi
2836 2566 2974 2640 que
3039 2558 3177 2614 tes-

1022 2676 1297 2774 moigne
1320 2663 1734 2761 Plutarehe)
1752 2665 2217 2736 admonesler
2230 2661 2612 2746 Ptoleme'e,
2644 2689 2776 2758 roy
2797 2663 3171 2765 d’Egrpte,

1020 2799 1067 2869 ὰ
1110 2823 1189 2869 ce
1235 2792 1407 2895 qu’ll
1440 2808 1600 2865 eust
1648 2790 1751 2861 les
1790 2790 1998 2860 liures
2043 2788 2293 2887 esquel
2292 2814 2326 2858 z
2361 2790 2662 2859 estoient
2696 2793 3031 2888 escriptes
3076 2792 3179 2863 les
3281 2803 3288 2811 '

1015 2926 1369 3023 hystoires
1430 2936 1500 2991 et
1571 2916 1833 2989 beaulx
1883 2913 2112 3009 faictz
2175 2912 2300 2984 des
2371 2911 2614 2984 nobles
2683 2930 2754 2985 et
2816 2916 3176 2990 vaillantz

1010 3053 1296 3152 princes
1338 3045 1436 3119 du
1477 3061 1702 3141 temps
1734 3040 2006 3139 passe‘;
2049 3068 2085 3105 >2
2127 3060 2338 3133 quem
2377 3038 2596 3109 fusius
2632 3051 2700 3112 et
2744 3041 3067 3115 Historiae
3111 3054 3180 3117 et

1018 3177 1240 3251 Caroli
1273 3172 1509 3265 Magni
1549 3168 1793 3241 laudes
1840 3166 2282 3239 evolventem
2332 3185 2474 3234 non
2531 3187 2926 3258 sequemur.
2975 3170 3177 3242 Redit

1021 3295 1301 3376 tandem
1350 3299 1443 3373 ad
1483 3294 1860 3390 Turpinum
1917 3320 1935 3364 ε
1989 3318 2024 3354 α
2081 3295 2210 3361 Ces
2261 3286 2510 3358 choses
2558 3291 2752 3360 ainsi
2792 3316 2940 3389 par
3000 3320 3178 3365 nous

1016 3428 1568 3499 succinctement
1595 3390 1986 3490 recue’illces
2019 3428 2184 3484 sont
2209 3410 2379 3510 plus
2407 3412 2846 3509 amplement
2873 3440 3175 3486 comme-

1017 3555 1287 3626 nwre'es
1314 3566 1385 3621 et
1416 3547 1803 3642 descriptes
1819 3567 1970 3639 par
2005 3539 2520 3636 l'arclzevesque
2550 3543 2818 3636 Turpia
2849 3560 2934 3611 en
2963 3542 3178 3634 l’hys-

1019 3677 1197 3747 toire
1219 3672 1408 3773 qu’il
1452 3696 1498 3741 a
1513 3667 1757 3765 saiete
1797 3692 1888 3736 en
1933 3664 2140 3747 latin,
2199 3663 2507 3762 laquelle
2533 3662 2705 3761 say·
2752 3664 2971 3736 voulu
3021 3681 3176 3737 tm-
3211 3680 3218 3687 ’

1020 3801 1247 3897 duyre
1303 3823 1396 3870 en
1450 3810 1686 3867 nostre
1728 3792 2062 3893 vulgaire
2090 3788 2430 3887 flanpois
2451 3844 2471 3877 ‚
2529 3806 2684 3861 tant
2732 3790 2780 3859 ὰ
2829 3815 3042 3862 cause
3080 3790 3175 3862 du

1010 3950 1228 4025 passe
1257 3940 1483 4019 temps
1506 3916 1595 3989 de
1624 3941 1809 3988 vous
1808 3970 1836 4003 ,
1865 3916 2058 3996 Sires
2077 3938 2212 4012 que
2242 3912 2330 3983 de
2366 3930 2524 3985 tous
2546 3912 2787 3983 nobles
2809 3916 3176 4011 setgneurs

1010 4050 1276 4155 gentilz
1306 4047 1626 4118 hommes
1650 4042 1777 4140 qui
1800 4053 1929 4111 ont
1948 4033 2306 4145 ‘affection
2327 4032 2418 4103 de
2450 4037 2895 4134 congnoistre
2927 4037 3028 4110 les
3051 4066 3173 4111 no·

1018 4175 1165 4248 bles
1200 4172 1424 4257 faictz
1449 4184 1518 4239 et
1542 4165 1827 4238 kaultes
1854 4161 2326 4256 entreprinses
2363 4156 2568 4230 dudit
2608 4184 2736 4254 roy
2769 4158 3073 4232 Charles
3111 4162 3178 4233 le

1024 4282 1277 4375 Graue.
1322 4301 1526 4379 ‘Vous
1569 4290 1962 4389 suppliant,
2008 4288 2186 4369 Sire,
2224 4288 2295 4357 si
2337 4311 2424 4356 en
2461 4285 2536 4379 lu
2588 4282 2984 4357 traduc-tion
3015 4314 3087 4381 y
3127 4314 3174 4357 a

1018 4424 1317 4497 ‹culcune
1343 4416 1586 4515 saulte
1621 4439 1713 4485 ou
1745 4437 2004 4495 erre-ur,
2041 4426 2283 4481 vostre
2314 4408 2536 4481 doulx
2568 4423 2637 4480 et
2674 4407 2886 4480 henin
2915 4408 3180 4509 regat-d
