3640 5566
1391 680 1714 740 ...21-

497 814 769 886 modica
797 813 1167 885 admodum
1203 823 1274 885 et
1309 813 1594 885 humilia
1619 811 1975 901 videntur3
2019 810 2441 883 credendum
2469 833 2636 902 ergo

489 938 848 1033 scriptoris
893 949 1201 1033 tempore
1249 939 1630 1011 modestam
1667 936 1896 1009 adhuc
1958 946 2025 1007 et
2077 936 2405 1007 humilem
2451 936 2637 1009 illam

496 1063 850 1136 basilicam
899 1064 1138 1148 fuisse,
1197 1059 1638 1158 validiusque
1699 1061 2051 1134 videbitur
2090 1060 2229 1133 hoc
2278 1082 2642 1154 argumen-

499 1199 641 1260 tum
690 1212 908 1284 quum
957 1166 1330 1284 capitulum
1379 1188 1550 1260 illud
1599 1210 1756 1261 cum
1803 1186 2133 1259 vicesimo
2182 1208 2641 1283 comparave-

501 1312 737 1385 rimus,
769 1313 1187 1386 Vicesimum
1222 1334 1475 1409 nempe
1507 1322 1649 1383 tam
1676 1332 1975 1404 magnos·
1996 1310 2298 1385 honores
2336 1334 2379 1384 a
2402 1312 2645 1385 Carolo

499 1435 984 1533 Compostellae
1014 1439 1299 1511 collatos
1331 1438 1706 1529 fabulatur,
1748 1448 1828 1509 ut
1862 1458 2106 1509 omnes
2130 1458 2333 1531 reges
2367 1447 2436 1511 et
2471 1461 2649 1533 prae-

503 1564 690 1635 sules
713 1564 1060 1659 Hispaniae
1088 1563 1182 1634 illi
1212 1563 1629 1651 submiserit,
1655 1577 1725 1634 et
1747 1561 2393 1657 Compostellensem
2416 1564 2649 1637 Eccle-

503 1689 673 1761 siam
695 1710 849 1759 cum
871 1702 1156 1760 romana
1171 1698 1243 1759 et
1259 1686 1620 1783 ephesiaca
1639 1687 1882 1759 ceteris
1906 1687 2227 1760 omnibus
2240 1690 2645 1783 praetulerit,

507 1814 698 1908 quod
742 1823 924 1886 certe
975 1811 1163 1885 aliud
1218 1822 1489 1909 tempus
1522 1813 1784 1886 indicat
1832 1826 1905 1887 et
1937 1814 2299 1904 recentius.
2353 1816 2652 1889 Nomina

507 1938 783 2011 urbium
829 1960 1003 2032 quas
1045 1925 1326 2011 Carolus
1365 1940 1548 2034 cepit
1585 1938 1913 2035 temporis
1950 1938 2160 2011 etiam
2190 1940 2482 2014 certiora
2526 1954 2652 2015 es·—

508 2074 663 2135 sent
698 2063 1147 2153 documenta3
1199 2064 1324 2136 sed
1360 2063 1514 2137 haec
1557 2063 2095 2137 obscuritatibus
2130 2075 2422 2156 scatent,
2476 2090 2652 2163 qua-

509 2211 666 2260 rum
695 2188 1033 2261 discussio
1065 2184 1408 2283 Hispanos
1447 2191 1677 2286 potius
1711 2190 1957 2264 doctos
2000 2212 2084 2264 ac
2108 2170 2375 2265 Gallum
2406 2190 2656 2268 decere

511 2314 809 2387 videtur.

609 2440 728 2512 Vir
765 2439 1070 2531 inclituS,
1120 2449 1190 2512 et
1225 2440 1314 2512 de
1349 2439 1702 2535 Hispaniae
1729 2440 2015 2515 historia
2052 2442 2336 2514 multum
2374 2445 2659 2518 meritus

513 2568 596 2637 R.
643 2566 862 2661 Dozy,
921 2565 1170 2636 librum
1215 2566 1659 2637 recentiorem
1713 2587 1805 2636 ex
1856 2576 2105 2658 quarto
2150 2569 2421 2640 censuit
2465 2571 2656 2665 capi-

515 2700 685 2771 tulo,
703 2698 998 2770 *Etiamsi
1025 2697 1396 2787 erraverit,
1427 2698 1620 2793 quod
1639 2697 1913 2771 codices
1932 2681 2431 2798 manuscriptos
2454 2704 2656 2798 igno·

516 2825 694 2897 ranti
749 2825 1007 2897 nullam
1054 2824 1322 2920 culpam
1365 2826 1606 2913 affert,
1649 2824 1977 2896 nonnulla
2012 2825 2215 2898 valde
2252 2826 2461 2921 digna
2506 2853 2662 2924 quae

517 2949 832 3041 legantur
869 2949 1136 3036 retulit,
1166 2958 1236 3020 et
1277 2969 1437 3041 quae
1472 2947 1758 3019 omnino
1797 2946 2095 3041 probant
2126 2931 2478 3024 auctorem
2507 2955 2661 3028 His-

413 3061 420 3068 ’
515 3095 776 3168 panum
807 3072 1037 3144 fuisse.
1071 3071 1384 3184 Qstendit
1411 3071 1594 3144 enim
1631 3072 2091 3146 narrationem
2131 3075 2307 3146 illam
2350 3076 2436 3149 de
2474 3079 2658 3153 idolo

517 3198 855 3270 Gaditano
877 3250 896 3287 ‚
947 3220 1110 3292 quae
1181 3196 1554 3292 capitulum
1587 3207 1927 3289 quartum
1990 3201 2327 3293 complet,
2392 3203 2661 3296 origine

519 3324 868 3394 arabicam
915 3343 1068 3395 esse
1091 3377 1111 3414 ‚
1165 3332 1232 3393 et
1283 3321 1814 3417 descriptionem
1866 3323 2443 3420 Pseudo-Turpini
2505 3351 2661 3403 cum

519 3449 696 3537 aliis,
727 3449 798 3519 in
830 3447 1242 3542 geographis
1277 3446 1619 3537 IslamitiS,
1651 3455 2001 3541 comparat
2030 3447 2163 3544 (1).
2206 3451 2478 3526 Scilicet
2502 3477 2663 3527 nar-

521 3561 677 3646 rant
713 3573 988 3667 utrique
1020 3573 1206 3668 apud
1238 3572 1548 3643 Herculis
1582 3569 1938 3642 columnas
1979 3571 2328 3663 ingentem
2366 3585 2662 3652 statuam

522 3698 820 3771 hominis
855 3708 1166 3769 auratam
1214 3697 1580 3781 exstitisse,
1631 3717 1795 3789 quae
1828 3695 2090 3768 clavem
2129 3721 2333 3771 manu
2363 3703 2662 3777 tenebat.

524 3825 742 3920 Lapsa
777 3823 989 3912 clavi,
1027 3843 1210 3894 anno
1238 3801 1650 3907 MX‚'c1-edit
1685 3823 1987 3894 Batavus
2014 3824 2304 3920 scriptor
2343 3826 2415 3897 in
2443 3831 2665 3903 vicem

525 3951 674 4042 ejus
701 3958 1015 4021 auratam
1041 3948 1313 4020 clavam
1352 3947 1640 4042 positam
1677 3946 1886 4020 fuisse
1925 3976 1943 4019 ε
1973 3971 2189 4043 quum
2227 3961 2456 4025 autem
2492 3937 2665 4028 Tur·

527 4075 729 4171 pinus
755 4075 977 4146 clavae
1005 4072 1226 4145 solum
1257 4071 1673 4144 mentionem
1701 4073 1939 4161 faciat,
1968 4074 2158 4146 illum
2193 4076 2475 4171 longum
2512 4097 2670 4178 post

531 4199 668 4272 ΜΧ
717 4209 988 4294 tempus
1040 4197 1298 4271 vixisse
1349 4207 1658 4292 apparet.
1713 4199 1865 4270 Jam
1918 4199 2150 4286 illucet
2201 4211 2349 4274 tam·
2384 4206 2666 4300 longum

605 4380 679 4453 (1)
701 4377 1061 4467 'Becherclzes
1119 4389 1224 4434 sur
1275 4377 1616 4451 I'Espaqne‚
1657 4384 1699 4434 t.
1755 4379 1838 4459 ΙΙ,
1888 4394 1941 4451 p.
2000 4383 2135 4449 828,
2192 4389 2267 4468 (τιδ
2306 4387 2672 4470 Appendice,

531 4485 585 4542 p.
607 4483 826 4525 mxxix.
2658 4475 2664 4480 ⁴
