3640 5566
1964 704 2046 717 ....
2083 674 2120 732 2
2162 702 2243 715 ..-

1038 826 1206 891 nor,
1269 804 1390 899 qui
1430 825 1672 876 omnes
1725 802 1997 875 codices
2050 800 2589 896 comparaverit3
2640 809 2897 872 rectam
2949 809 3177 871 tamen

1034 928 1220 1001 viam
1268 928 1356 999 ad
1401 926 1934 1021 explicationem
1984 927 2225 1019 huju5‚
2268 936 2345 996 ut
2389 925 2484 997 ita
2527 924 2787 1013 dicam,
2844 947 2883 994 a
2938 924 3175 1017 pleris-

1029 1076 1167 1147 que
1194 1051 1538 1149 desperati
1577 1052 1802 1147 griphi
1842 1072 1953 1123 me
1990 1054 2275 1124 fortasse
2310 1050 2720 1144 judicabunt
2751 1048 2954 1143 periti
2990 1048 3175 1120 indi-

1029 1190 1321 1241 cavlsse.
1365 1200 1369 1205 ’

2076 1456 2127 1526 Ι.

1356 1720 1477 1775 lle
1515 1719 1885 1789 Tun-pino
1915 1717 2345 1773 «lumnam
2375 1718 2825 1773 mmmm.

1109 1976 1311 2048 Nulla
1353 1974 1590 2070 priscis
1623 1975 1900 2047 saeculis
1938 1974 2025 2047 de
2051 1972 2339 2068 Tui-pini
2368 1972 2775 2068 auctoritate
2804 1974 3011 2047 video·
3037 1975 3169 2048 du-

1011 2100 1124 2172 bia
1175 2109 1347 2173 orta.
1390 2101 1538 2193 lpse
1576 2099 1977 2185 schardius,
2028 2099 2147 2192 qui
2198 2096 2515 2192 princeps
2563 2098 2844 2169 latinum
2882 2080 3176 2197 'Ifurpini

1012 2231 1281 2295 textum
1336 2222 1587 2311 edidit,
1633 2222 1726 2291 illi
1765 2222 1945 2293 inter
1980 2224 2285 2293 sinceros
2336 2220 2701 2315 historicos
2750 2220 2980 2292 locum
3031 2221 3169 2293 im-

1009 2348 1244 2443 pertiri
1279 2347 1554 2419 videtur
1586 2344 1724 2440 (1).
1758 2344 1895 2418 Sed
1928 2347 2049 2417 vix
2086 2357 2241 2441 post
2276 2346 2461 2416 illam
2495 2344 2864 2416 editionem
2901 2346 3173 2438 aliquot
3269 2415 3274 2419 .

1005 2457 1206 2544 annis
1234 2473 1508 2567 elapsiS,
1545 2470 1861 2566 Papirius
1890 2471 2145 2559 Masso,
2190 2472 2445 2542 bellum
2475 2470 2697 2541 Caroli
2728 2470 3167 2564 hispanicum

1002 2596 1336 2685 reserens,
1377 2596 1656 2691 Tui-pini
1702 2596 1881 2667 libro
1916 2618 1991 2665 se
2030 2596 2288 2665 nullam
2331 2594 2665 2667 adhibere
2699 2594 2907 2667 fidem
2955 2597 3168 2689 profi-

1009 2732 1231 2794 tetur:
1271 2750 1306 2787 α
1337 2720 1444 2793 Ab
1481 2718 1764 2793 homine
1789 2775 1810 2809 ‚
1844 2720 2107 2814 inquit,
2141 2718 2461 2816 imperito
2491 2729 2562 2791 et
2601 2720 2918 2792 mendaci
2946 2721 3167 2817 scrip-

1009 2863 1154 2918 tum
1180 2848 1814 2940 multa=arguunt...
1862 2846 2157 2918 Libellus
2209 2847 2335 2918 iste
2382 2847 2469 2916 ab
2511 2846 2790 2918 homine
2831 2846 3053 2919 otioso
3091 2847 3162 2918 in

955 2969 969 2983 “
999 2972 1378 3063 juventutis
1413 2972 1708 3062 gratiam
1737 2971 2031 3068 scriptus
2064 2970 2367 3061 videtur,
2406 2993 2546 3042 non
2583 2972 2797 3042 multo
2843 2980 2999 3064 post
3038 2971 3163 3044 Ca-

1007 3097 1133 3170 roli
1170 3097 1363 3169 Calvi
1401 3096 1760 3192 imperium
1803 3096 1933 3192 (2).
1966 3125 2003 3162 »

1101 3220 1309 3306 Plane
1341 3219 1584 3293 inutile
1619 3243 1808 3293 nunc
1834 3221 2110 3293 videtur
2146 3220 2612 3304 demonstrare
2651 3222 2899 3292 librum
2941 3222 3030 3294 ab
3074 3247 3156 3296 eo

1005 3347 1202 3438 cujus
1245 3367 1504 3417 nomen
1552 3347 1833 3440 praefert
1882 3344 2087 3417 scribi
2136 3367 2274 3417 non
2320 3345 2650 3440 poluisse.
2702 3345 2869 3430 Quis
2928 3359 3153 3420 tamen

1001 3437 1113 3542 ille
1157 3470 1396 3558 fuerit,
1435 3481 1503 3542 et
1541 3491 1757 3562 quare
1795 3471 2127 3542 adulterae
2166 3492 2399 3564 operae
2432 3481 2763 3564 patronus
2796 3469 2996 3545 datus
3024 3476 3151 3560 sit,

1005 3594 1248 3691 paucis
1281 3594 1680 3667 dicendum.
1721 3594 2051 3690 Tylpinus
2072 3593 2179 3688 (3)
2206 3645 2224 3680 ‚
2259 3595 2541 3690 nomine
2587 3605 2659 3665 ut
2688 3593 2960 3666 videtur
2998 3616 3155 3687 ger·

893 3709 906 3718 ’
1005 3718 1301 3808 manico,
1339 3740 1578 3791 revera
1611 3718 1933 3790 Remensi
1975 3718 2301 3790 Ecclesiae
2337 3720 2650 3813 praefuit,
2704 3730 2775 3791 et
2805 3720 2990 3791 circa
3030 3740 3156 3792 an-

1003 3868 1174 3916 num
1222 3843 1433 3918 DCCC
1473 3844 1833 3916 defunctus
1884 3852 1990 3916 est
2031 3843 2163 3938 (4).
2206 3845 2282 3914 In
2328 3844 2822 3938 antiquissimis
2868 3845 3157 3918 heroicis

1080 4114 1156 4178 (1)
1190 4109 1330 4166 Vide
1351 4107 1598 4180 Schardii
1625 4107 1918 4182 epistolam
1939 4107 2361 4167 dedicatoriam.

1087 4201 1160 4272 (2)
1200 4199 1528 4255 Annalium
1559 4199 1853 4272 (Lutetiae,
1888 4199 2197 4266 Chesneau‚
2230 4203 2411 4270 1578),
2443 4199 2539 4256 lib.
2564 4203 2641 4269 ΙΙ,
2666 4216 2723 4274 p
2752 4207 2845 4259 97.

1080 4293 1155 4356 (3)
1195 4287 1282 4376 Sic
1300 4303 1426 4344 eum
1447 4295 1606 4344 vocat
1627 4285 1974 4345 Frodoardus
1996 4287 2109 4356 (lib.
2142 4291 2213 4355 ΙΙ,
2238 4303 2288 4343 e.
2319 4292 2472 4354 xvn)
2496 4295 2552 4344 et
2576 4289 2697 4360 ejus
2714 4288 3058 4372 epitaphium
3084 4291 3153 4349 ab
3181 4280 3185 4286 ’

1011 4376 1318 4434 Hincmaro
1343 4377 1636 4450 scriptum,
1667 4377 1815 4450 quod
1842 4375 2195 4434 Frodoardus
2222 4375 2362 4432 libro
2391 4375 2647 4435 inseruit.

1081 4471 1157 4534 (4)
1194 4465 1334 4522 Vide
1372 4468 1608 4523 Daunou
1645 4465 2032 4540 (Bioqraplzie
2058 4463 2493 4536 universelle‚s.
2522 4481 2576 4522 v.
2612 4469 2891 4540 Zur-pin).
