3640 5566
1865 689 1944 704 -.
1989 639 2188 720 1244

959 793 1297 890 posterior
1333 795 1808 889 supplementa
1841 797 2167 889 quaedam
2212 819 2372 892 quae
2411 797 2841 886 LambeciuS,
2888 818 2927 868 e
2955 797 3104 868 Cae-

958 940 1158 991 sareo
1204 918 1479 1006 codice,
1521 919 1590 990 in
1628 934 1812 993 tomo
1847 920 2150 996 secundo
2178 945 2456 996 suorum
2498 924 2568 993 in
2616 922 3111 994 Bibliothecam

866 1083 869 1086 >
960 1045 1562 1138 vindobonensem
1600 1050 2286 1135 commentariorum,
2327 1049 2579 1144 publici
2617 1048 2792 1140 juris
2827 1049 3114 1122 fecerat,

963 1171 1447 1264 Kollariusque
1474 1173 1834 1245 recuderat
1855 1174 1927 1245 in
1950 1202 1988 1270 «¹
2004 1175 2350 1248 Analectis
2372 1157 3046 1246 vindobonensibusss
3071 1199 3108 1237 ιο

1042 1296 1235 1369 'Vere
1296 1307 1527 1368 autem
1589 1298 1791 1369 aliam
1850 1299 2226 1372 editionem
2275 1300 2507 1388 dedit,
2554 1307 2630 1368 ut
2684 1319 2895 1391 supra
2964 1318 3112 1369 me-

968 1423 1276 1509 moravi,
1326 1401 1715 1513 Florentiae,
1774 1445 1960 1496 anno
2026 1425 2254 1514 1822,
2311 1425 2756 1496 Sebastianus
2810 1421 3113 1517 Ciampi,

969 1569 1111 1618 non
1159 1548 1346 1640 quod
1394 1569 1633 1619 omnes
1677 1551 1789 1621 vel
1839 1550 2078 1623 saltem
2127 1550 2510 1644 complures
2549 1547 2886 1622 evolverit
2933 1547 3120 1619 codi-

966 1692 1106 1759 ceS,
1166 1673 1286 1744 sed
1339 1671 1582 1743 librum
1634 1672 1988 1766 sequendo
2041 1673 2159 1766 qui
2200 1695 2240 1745 a
2275 1672 2698 1745 Schardiano
2742 1669 3122 1742 Reuberia-

968 1816 1199 1888 noque
1236 1817 1375 1867 non
1405 1793 1647 1890 parum
1689 1797 2012 1870 distabat.
2054 1799 2281 1883 Quum
2327 1817 2496 1890 ergo
2535 1806 2834 1890 quatuor
2862 1795 3122 1892 priores

970 1918 1309 1991 editiones
1341 1942 1479 1991 uno
1511 1922 1898 2015 eodemque
1924 1921 2190 2013 judicio
2217 1921 2904 2017 comprehendamuS,
2947 1940 3120 1990 una·

972 2066 1107 2138 que
1150 2045 1374 2117 littera
1415 2045 1528 2141 (R)
1570 2047 1642 2117 in
1691 2055 2010 2119 secutura
2047 2046 2474 2119 discussione
2515 2056 2857 2132 notemuS,
2898 2043 3120 2116 Ciam-

867 2150 871 2155 *
974 2168 1176 2263 piana
1237 2179 1306 2239 et
1366 2157 1439 2240 re
1490 2155 2095 2263 distinguendaet
2150 2169 2287 2241 alio
2335 2169 2532 2260 signo
2591 2167 2699 2264 (C)
2758 2168 3124 2240 indicanda

974 2293 1125 2364 erit.
1163 2295 1547 2365 Dolendum
1598 2306 1699 2366 est
1752 2309 1978 2367 tamen
2031 2294 2226 2364 illum
2259 2295 2596 2366 editorem
2651 2293 2874 2364 codici
2921 2313 3122 2386 quem

976 2441 1115 2514 prae
1153 2441 1225 2490 se
1264 2418 1568 2491 habebat
1618 2442 1759 2510 non
1811 2441 1886 2490 se
1921 2441 2190 2514 semper
2229 2419 2660 2505 submisisse,
2708 2418 2831 2490 sed
2867 2417 3130 2489 Reube·

978 2545 1153 2616 riani
1183 2518 1414 2618 teitus
1446 2547 1771 2617 lectiones
1800 2547 2057 2647 saepius
2091 2547 2160 2615 in
2207 2565 2407 2615 suum
2450 2543 2833 2634 admisisse,
2861 2541 3130 2635 hocque

976 2691 1119 2762 non
1147 2670 1382 2757 semel,
1421 2671 1597 2742 sicut
1632 2671 1779 2764 ipse
1813 2671 2086 2755 fatetur,
2122 2669 2424 2741 silenter.
2460 2653 2676 2740 Valde
2713 2689 2940 2762 operae
2973 2685 3131 2761 pre-

980 2794 1145 2865 tium
1201 2805 1409 2883 esset,
1463 2796 1816 2869 codicibus
1869 2794 2282 2890 comparatis
2333 2804 2399 2865 et
2463 2794 2579 2865 illa
2636 2804 2832 2889 parte
2887 2792 3133 2864 criticae

979 2922 1143 2993 artis
1212 2921 1517 2994 adhibita
1579 2918 1739 3015 quae
1806 2922 1881 2992 in
1933 2920 2390 2994 ‘recensendis
2461 2920 2653 2991 lib‘ris
2740 2928 3128 3005 exercetur,

981 3046 1261 3118 tandem
1313 3047 1917 3145 Pseudo-Turpini
1967 3047 2225 3118 bonam
2270 3045 2438 3117 dare
2486 3045 2895 3131 editionem,
2926 3064 3136 3135 quam
3237 3058 3250 3066 ·

982 3171 1208 3243 adhuc
1240 3173 1519 3243 minime
1550 3172 2006 3267 possidemus

1080 3297 1369 3369 Codices
1414 3298 1727 3368 numerat
1769 3296 2124 3388 Augustus
2178 3294 2520 3381 Potthast,
2559 3294 2629 3363 in
2655 3292 2850 3364 *libro
2893 3294 3004 3365 cui
3067 3296 3141 3365 ti-

989 3425 1171 3495 tulus
1206 3450 1237 3487 α
1268 3421 1693 3494 Bibliotheca
1736 3420 2064 3493 historica
2116 3419 2327 3492 medii
2368 3420 2502 3491 aevi
2541 3452 2605 3509 ιι,
2650 3413 2920 3491 circiter
2946 3420 3030 3505 L;
3069 3420 3141 3490 in

986 3549 1240 3641 quibus
1329 3547 1775 3618 numerandis
1852 3528 2084 3641 potius
2160 3544 2327 3616 citra
2404 3544 2761 3617 veritatem
2819 3545 3146 3615 remansit

986 3695 1195 3766 quam
1256 3673 1439 3744 ultra
1502 3692 1912 3767 progressus
1979 3683 2101 3742 est.
2175 3668 2511 3765 Equidem
2578 3668 2648 3739 in
2719 3667 3144 3741 Bibliotheca

985 3799 1327 3894 I'mperiali
1382 3797 1745 3869 Parisiensi
1797 3798 1927 3870 XX
1990 3795 2302 3891 inspexi,
2363 3796 2526 3890 qui,
2577 3795 2680 3866 uti
2738 3798 2944 3890 paulo
2994 3806 3144 3891 post

990 3926 1407 4011 videbimuS‚
1456 3946 1590 3995 non
1649 3920 1887 4017 paucis
1941 3922 2388 3994 inveniuntur
2442 3920 2513 3990 in
2574 3922 2782 3992 rebus
2829 3921 3132 3994 differre.

988 4050 1246 4142 Viginti
1297 4071 1465 4141 ergo
1536 4063 1601 4120 et
1666 4049 1806 4119 duo
1839 4104 1856 4137 ,
1919 4070 2074 4119 cuni
2130 4046 2560 4119 Reuberiana
2621 4056 2690 4118 et
2747 4045 3137 4140 Ciampiana

990 4173 1429 4258 editionibuS‚
1471 4150 1704 4244 textus
1744 4173 2105 4263 habemus,
2151 4167 2272 4264 qui
2323 4182 2548 4242 tamen
2585 4154 2790 4264 paulo
2827 4170 3178 4242 exactius

992 4302 1491 4397 introspicienti
1521 4324 1661 4373 non
1708 4302 1803 4373 ita
1842 4302 2037 4373 multi
2083 4310 2444 4395 apparent.
2491 4301 2612 4371 Est
2651 4301 2834 4372 enim
2877 4302 3143 4393 aliquas

990 4424 1325 4495 librorum
1363 4422 1749 4515 discernere
1776 4422 2088 4493 familias.
2127 4422 2275 4492 Hoc
2301 4432 2533 4491 tamen
2566 4440 2704 4491 non
2739 4443 2970 4492 meum
3009 4432 3134 4512 est,
