3640 5566
1858 640 2179 700 ...14-

1037 765 1554 837 vetustissimus
1593 768 1818 839 codex
1886 769 1975 857 A,
2029 790 2237 862 quem
2292 768 2582 841 omnino
2640 770 2947 863 sequitur
3002 770 3091 859 S;

939 883 1183 973 ceteri,
1227 894 1477 978 praeter
1511 887 1568 957 Ο
1604 896 1682 977 οι,
1715 890 1790 980 Ρ,
1833 912 1989 961 cum
2030 887 2447 961 editionibus
2482 889 2896 981 generaliter
2925 910 3091 960 con-

939 1008 1253 1079 veniunt.
2901 1016 2919 1031 ⁰

1040 1132 1162 1205 His
1214 1134 1594 1227 praemissis
1641 1156 1818 1231 opus
1868 1139 2127 1235 ipsum,
2193 1141 2663 1237 Ciampianam
2728 1146 3096 1234 sequentes

944 1256 1348 1347 editionem,
1377 1260 1893 1352 aggrediamur.

1970 1609 2083 1679 111.

1463 1894 1843 1967 copim!-
1874 1864 2246 1967 quintine
2279 1897 2589 1970 pum.

1043 2129 1192 2199 Iam
1233 2127 1386 2198 dixi
1416 2126 2111 2222 Pseudo-Turpinum
2149 2128 2353 2200 unius
2370 2127 2671 2200 hominis
2699 2128 2809 2201 vei
2832 2141 3102 2224 tempo-

909 2238 917 2245 ’
949 2253 1042 2323 ris
1075 2274 1253 2347 opus
1296 2274 1436 2323 non
1497 2274 1664 2325 esse.
1722 2254 1869 2323 Hoc
1903 2274 2087 2326 nunc
2124 2252 2774 2339 demonstrandum,
2805 2263 2873 2325 et
2906 2239 3123 2347 quae·-v

937 2378 1245 2457 ‚rendum
1285 2398 1368 2449 an
1413 2377 1961 2471 uniuscujusque
1996 2378 2215 2472 partis
2250 2392 2604 2451 auctorem
2646 2380 2752 2451 vei
2790 2390 3103 2451 auctores

950 2501 1230 2573 assiduo
1273 2500 1500 2573 studio
1533 2502 1779 2573 eiicere
1822 2502 2199 2573 valeamus.

1044 2626 1319 2717 Prologi
1360 2628 1586 2697 iocum
1611 2626 1877 2698 obtinet
1910 2628 1980 2697 in
2030 2625 2446 2699 editionibus
2491 2628 2778 2723 epistola
2821 2625 3103 2722 Turpini

949 2751 1036 2823 ad
1075 2750 1553 2824 Leobrandum
1579 2806 1598 2841 ,
1651 2751 1991 2826 decanum
2046 2751 2707 2846 Aquisgranensem.
2745 2754 2952 2824 Deest
2991 2751 3103 2825 hic

952 2878 1304 2971 prologuS,
1352 2886 1428 2948 ut
1463 2877 1649 2964 dixi,
1679 2878 1748 2948 in
1777 2878 2017 2950 codice
2039 2878 2537 2973 Ciampianoet
2564 2871 2876 2973 pluribus
2918 2878 3095 2960 aliis,

952 2979 1304 3074 diversum
1329 3003 1613 3074 omnino
1642 3005 1843 3075 affert
1867 3004 1949 3074 Ο.
1981 3003 2433 3075 Posteriorem
2469 3003 2661 3074 illum
2683 3024 2957 3088 cense0,
2984 3003 3102 3098 qui

951 3126 1174 3198 editus
1200 3135 1326 3214 est,
1364 3127 1674 3221 quinque
1709 3127 2163 3222 sequentibus
2184 3126 2501 3221 capitulis
2529 3149 2549 3197 ε
2575 3136 2644 3198 et
2673 3127 2782 3198 his
2800 3130 3107 3220 quinque

952 3262 1217 3324 tantuin
1279 3251 1596 3347 capitulis
1644 3252 1896 3323 librum
1938 3253 2287 3347 qnondam
2334 3252 2910 3343 constitisse,vei
2958 3252 3107 3324 sino

953 3379 1272 3473 proiogo,
1319 3377 1430 3450 vel
1475 3399 1630 3448 cum
1671 3375 2075 3474 deperdito,
2138 3378 2244 3451 vei
2273 3400 2429 3449 cum
2465 3378 2582 3449 ilio
2618 3377 2734 3471 qui
2774 3378 2843 3448 in
2891 3379 2948 3449 Ο
2995 3377 3103 3449 ἰη-

949 3504 1249 3576 venitur.
2297 3521 2306 3530 ·

1049 3630 1168 3700 Illa
1212 3628 1394 3700 enim
1442 3627 1750 3722 quinque
1795 3627 2028 3722 priora
2066 3627 2363 3723 capitula
2408 3640 2729 3702 accurate
2778 3629 3029 3722 legenti
3060 3651 3101 3701 a

955 3754 1405 3848 sequentibus
1443 3754 1734 3824 multum
1773 3755 1994 3825 aliena
2024 3763 2387 3852 apparent.
2422 3755 2779 3849 Nusquam
2818 3766 3107 3828 conatur

957 3879 1245 3974 scriptor
1281 3877 1653 3951 lectoribus
1706 3879 2120 3972 persuadere
2170 3900 2247 3952 se
2294 3879 2677 3974 Turpinum
2719 3900 2901 3966 esse;
2934 3880 3107 3951 Tur-

955 4006 1193 4101 pinum
1229 3984 1457 4100 ipsum
1513 4005 1724 4089 semel
1775 4005 2197 4077 transeundo
2258 4005 2603 4096 nominat,
2669 4027 2798 4077 nec
2860 4016 3111 4100 praeter

951 4132 1142 4202 iilum
1184 4140 1254 4203 et
1297 4130 1617 4202 Carolum
1638 4127 1853 4200 ullum
1891 4129 2123 4216 alium,
2162 4152 2377 4223 quum
2406 4131 2787 4225 posteriora
2807 4131 3105 4225 capitula

835 4253 842 4261 ’
953 4257 1452 4327 Saracenorum
1505 4264 1572 4324 et
1624 4254 1973 4325 Gallorum
2028 4253 2335 4326 virorum
2418 4255 2702 4326 nomina
2768 4257 3101 4351 permulta

946 4381 1283 4474 jactitent.
1307 4379 1489 4451 Nihil
1528 4378 1640 4452 hic
1668 4380 1758 4452 ad
1783 4379 2045 4474 poesim
2079 4380 2342 4474 epicam
2369 4381 2783 4451 Francorum
2810 4389 3095 4475 spectat,
