3640 5566
1894 710 1971 723 ....
2010 682 2051 741 6
2090 710 2173 726 -

1834 757 1857 783 .

975 807 1356 879 carminum
1383 808 1813 883 heroicorum
1840 835 2024 903 esse;
2050 816 2240 909 quod
2265 818 2743 912 compluribus
2764 820 2931 891 locis
2960 820 3126 892 satis

973 932 1291 1027 probavit
1319 933 1432 1005 hic
1465 935 1744 1008 minime
1775 940 2107 1011 tacendus
2143 950 2334 1033 pater
2372 964 2568 1014 meus
2593 941 2723 1039 (1).
2762 944 2883 1015 Ille
2916 944 3123 1016 etiam

972 1078 1196 1150 usque
1273 1059 1364 1129 ad
1432 1061 1849 1135 evidentiam
1922 1066 2223 1137 ostendit
2300 1062 2657 1141 'hominem
2736 1070 3120 1164 Hispanum

973 1184 1457 1257 nonnullarum
1503 1209 1671 1259 sane
1722 1190 2021 1284 partium
2061 1203 2415 1265 auctorem
2461 1216 2649 1286 esse,
2696 1196 2920 1288 quiet
2968 1196 3123 1267 His-

970 1307 1198 1402 paniae
1246 1310 1454 1382 urbes
1505 1310 2003 1409 historiamque
2066 1317 2333 1411 plenius
2379 1340 2592 1412 quam
2648 1320 2739 1391 ab
2778 1320 2921 1423 ullo
2962 1332 3125 1391 tunc

969 1436 1302 1529 temporis
1337 1436 1757 1543 Francigena
1801 1428 2190 1536 exspectari
2242 1454 2471 1539 potest
2507 1446 2853 1538 novisset,
2898 1456 2965 1518 et
3007 1469 3123 1517 ec-

968 1558 1194 1629 clesiae
1279 1561 1842 1655 Compostellensi
1936 1567 2175 1640 laudes
2266 1570 2760 1643 immoderatas
2841 1572 3120 1645 tribuat.

967 1683 1280 1778 Denique
1350 1686 1610 1780 primus
1672 1701 1934 1761 rectam
1993 1691 2343 1785 ingressus
2406 1694 2595 1768 viam
2624 1748 2644 1785 ,
2718 1718 3127 1791 comparans

968 1808 1224 1881 scilicet
1273 1810 1506 1883 varios
1573 1813 1893 1903 codiceS,
1964 1838 2085 1888 eos
2148 1820 2440 1890 multum
2499 1820 2679 1891 inter
2734 1842 2811 1893 se
2872 1821 3126 1893 discre-

967 1938 1594 2029 pare-monstravit,
1622 1950 1687 2010 et
1712 1940 2307 2037 interpolationem
2334 1966 2373 2015 a
2394 1943 2967 2042 Sancti-Dionysii
2990 1970 3131 2019 mo-

972 2060 1210 2132 nachis
1251 2061 1524 2153 factam,
1555 2085 1717 2157 quae
1759 2068 1954 2137 multi
1979 2062 2407 2161 ponderis'in
2429 2070 2695 2163 judicio
2724 2081 2957 2143 nostro
2979 2094 3127 2143 esse

975 2184 1211 2276 debet,
1234 2189 1570 2281 patefecit.
1591 2190 1747 2263 Non
1769 2201 1997 2263 tamen
2020 2193 2535 2288 inquisitionem
2557 2196 2743 2268 illam
2765 2197 2967 2291 quasi
2996 2197 3129 2268 dis·

976 2310 1264 2419 tinctum
1310 2313 1618 2385 laborem
1673 2338 2037 2409 aggressus
2081 2328 2209 2407 est,
2272 2320 2397 2391 sed
2440 2321 3128 2416 Pseudo-Turpinum

978 2444 1400 2516 transeundo
1435 2453 1724 2536 tantum,
1758 2455 1828 2517 et
1861 2445 2026 2517 aliis
2060 2446 2305 2517 studiis
2334 2457 2740 2543 occupatus,
2775 2445 3027 2537 attigit.

1075 2564 1248 2635 Huic
1270 2564 1638 2658 quaestioni
1657 2587 1732 2638 se
1756 2588 2003 2661 parum
2034 2567 2519 2662 implicuerunt
2542 2568 2886 2654 Germani,
2908 2566 3027 2660 qui
3064 2567 3133 2637 in

983 2690 1336 2786 permultis
1367 2689 1652 2785 hujusce
1684 2692 1869 2763 modi

1195 2888 1387 2946 Tantis
1413 2903 1444 2946 e
1469 2889 1715 2946 tenebris
1739 2897 1860 2946 tam
1888 2890 2096 2948 claram
2122 2891 2391 2950 extollere
2418 2891 2601 2949 lucem

877 3061 885 3070 ‘
980 3045 1403 3142 valuerunt3
1458 3054 1925 3147 diversorum,
1977 3056 2098 3150 qui
2153 3066 2705 3146 antecesserant,
2760 3057 3135 3128 sententias

983 3191 1249 3255 tantum
1296 3181 1724 3274 collegerunt
1771 3181 1981 3270 Bahr,
2034 3179 2281 3267 Ideler,
2344 3182 2591 3253 Grasse
2652 3193 2719 3254 et
2777 3183 2916 3254 alii.
2984 3185 3138 3278 Ipse

982 3309 1092 3380 vir
1153 3329 1466 3378 summus
1515 3307 1917 3380 Guillelmus
1975 3308 2281 3396 Grimm,
2369 3309 2437 3378 in
2500 3329 2632 3379 sua
2688 3309 2779 3380 ad
2844 3285 3136 3380 Con'radi

982 3432 1370 3529 Presbyteri
1416 3429 1824 3503 Ruolandes
1868 3434 2019 3504 Liet
2086 3433 2533 3528 praefatione,
2601 3433 2881 3528 Turpini
2931 3435 3139 3506 chro-

981 3561 1138 3632 nico
1165 3615 1181 3645 ,
1243 3559 1440 3651 cujus
1497 3559 1726 3629 solerti
1781 3579 1995 3629 manu
2062 3581 2339 3631 succum
2398 3559 2739 3654 expressit
2791 3559 2883 3631 ad
2951 3559 3136 3630 illus·

982 3683 1295 3756 trandam
1332 3681 1950 3755 Runciaevallensis
1991 3682 2211 3776 proelii
2255 3683 2646 3769 historiam,
2688 3693 2962 3756 aetatem
3006 3706 3141 3754 au-

985 3818 1390 3902 ctoremque
1427 3809 1780 3902 assignare
1824 3829 1961 3878 non
2007 3808 2313 3892 tentavit.

1059 3934 1175 4006 ,At
1239 3934 1449 4006 homo
1504 3933 1776 4021 Gallus,
1842 3954 1971 4004 nec
2031 3933 2311 4024 ingenio
2378 3933 2741 4006 destitutus
2806 3955 2937 4006 nec
2990 3956 3151 4006 acu-

985 4061 1211 4148 mine,
1275 4061 1675 4133 Franciscus
1739 4059 2008 4148 Genin,
2096 4038 2452 4153 antiquam
2526 4060 2807 4154 quidem
2888 4058 3149 4131 Oudini

985 4187 1786 4282 opinionemvamplexus
1840 4195 1947 4256 est
1993 4186 2059 4256 in
2120 4187 2525 4280 praefatione
2560 4186 2651 4288 ad
2690 4184 2871 4256 illam
2912 4184 3155 4273 edit-io-

1055 4372 1130 4437 (1)
1166 4365 1394 4438 Prel'ace
1433 4366 1504 4423 de
1538 4367 1714 4424 Bertc
1753 4383 1867 4424 aus
1907 4357 2094 4440 yram
2126 4367 2291 4441 pie-w
2321 4372 2687 4426 Manu-wrm
2714 4368 3001 4445 franpois,
3033 4377 3074 4427 t.
3098 4372 3149 4438 1,

984 4475 1042 4532 p.
1072 4464 1338 4530 all-221,
1369 4467 1474 4516 etc.
2429 4483 2435 4486 ·
