3640 5566
1844 678 1927 693 ...
1961 650 2043 709 42
2082 679 2165 693 .-

934 798 970 835 .1
1001 770 1278 845 Initium
1329 776 1418 847 ab
1465 796 1546 849 ea
1585 778 1871 873 epistola
1920 801 2349 853 assumemus
2403 799 2609 872 quam
2660 778 3069 873 Turpinum,

936 892 1341 968 Remensem
1405 900 2022 998 arehiepiscopum,
2072 902 2475 978 Leohrando
2535 902 3075 995 Aquisgranensi

933 1012 1200 1089 decano
1241 1022 1702 1097 transmisisse
1741 1026 1811 1097 in
1844 1026 2183 1099 chronicis
2209 1028 2621 1099 Francorum
2668 1026 2855 1119 apud
2892 1028 3072 1099 San·

933 1148 1126 1213 ctum·
1147 1143 1567 1241 Dionysium
1607 1149 1679 1221 in
1724 1151 2010 1245 Francia
2048 1152 2505 1247 repperimus.
2538 1180 2575 1219 ³·
2614 1151 2754 1223 Sed
2791 1150 3071 1237 librum,

933 1275 1012 1337 ut
1057 1266 1368 1359 videtur,
1433 1274 1742 1347 nondum
1796 1278 1919 1350 diu
1978 1280 2431 1373 possederant
2478 1278 2705 1349 Sancti
2766 1276 3075 1371 Dionysii

932 1394 1299 1484 monachi3
1336 1420 1474 1471 non
1491 1399 1674 1473 enim
1700 1402 1973 1475 illa-tum
1990 1404 2403 1477 addiderant
2433 1425 2589 1496 quae
2616 1400 2709 1477 ab
2744 1401 2845 1475 eis
2874 1405 2943 1475 in
2962 1426 3075 1479 ce·.

935 1524 1120 1588 teros
1175 1519 1448 1595 codices
1498 1522 1889 1598 introducta
1954 1526 2373 1599 notavimus,
2414 1526 2583 1599 Haec
2616 1524 3077 1599 additamenta

931 1640 1110 1714 intra
1127 1663 1388 1717 annum
1421 1645 1729 1721 MCLXV
1749 1658 1820 1721 et
1846 1650 2299 1725 MCLXXXHI
2340 1647 2516 1751 facta
2556 1647 2765 1723 fuisse
2795 1664 3078 1721 necesse

931 1774 1080 1839 est:
1121 1768 1256 1842 hoc
1287 1772 1470 1845 enim
1502 1776 1881 1869 posteriore
1916 1798 2100 1851 anno
2142 1776 2535 1863 Gaufridus,
2564 1776 2755 1869 prior
2792 1774 3077 1849 Vosien·

929 1891 1052 1981 sis,
1105 1894 1292 1967 clero
1339 1918 1472 1971 suo
1506 1900 2085 1995 Turpinum.cum
2138 1901 2431 1995 epistola
2468 1898 2781 1973 mittebat
2810 1898 2899 1973 de
2935 1918 3077 1991 qua

927 2038 1140 2111 snpra
1175 2019 1382 2110 locati
1419 2047 1658 2099 sumus
1683 2028 1818 2123 (l),
1854 2028 2297 2123 capituloque
2322 2025 2665 2099 tricesimo
2692 2026 2915 2120 primo
2930 2026 3076 2116 jam

929 2160 1014 2215 ea
1051 2140 1400 2219 inserebat
1447 2170 1610 2242 quae
1667 2152 1900 2223 Sancti
1950 2150 2259 2247 Dionysii
2313 2150 2636 2224 monaehi
2692 2149 3078 2223 fabricave-

933 2281 1122 2360 rant3
1171 2274 1438 2347 etiamsi
1473 2294 1642 2371 ergo
1681 2300 1756 2353 se
1811 2280 1999 2352 dicat
2023 2280 2283 2353 librum
2334 2304 2429 2349 ex
2478 2279 2827 2375 Hesperia
2876 2298 3077 2350 acce-z

929 2394 1135 2489 pisse,
1179 2398 1371 2472 illum
1403 2423 1446 2473 a
1473 2406 2123 2499 Sancto-chnyszb
2152 2405 2507 2479 habuerat.
2560 2403 2803 2475 Codex
2840 2410 3075 2473 tamen

931 2518 1066 2607 ille,
1091 2542 1313 2621 quem
1339 2525 1739 2599 Aimericus-
1769 2529 2113 2601 Picaudus
2148 2529 2329 2601 eirca
2360 2546 2623 2601 annum
2656 2526 2830 2599 MCL
2862 2524 3076 2599 Cum-2

927 2645 1288 2737 postellam
1325 2648 1597 2740 tulerat,
1654 2650 1751 2721 ibi
1786 2652 2117 2723 remansit
2152 2663 2221 2724 et
2262 2653 2656 2744 frequenter
2688 2668 2726 2721 a
2766 2646 3073 2743 peregri·-

927 2768 1254 2844 nantibus
1283 2772 1668 2868 descriptus
1715 2788 1847 2848 est.
1908 2779 2045 2865 Sic,
2086 2799 2272 2852 anno
2298 2776 2718 2867 MCLXXlll,
2754 2772 3069 2870 Rivipul-

922 2895 1134 2968 lensis
1169 2899 1453 2991 quidam
1493 2903 1875 2977 monachus
1910 2927 1999 2978 ex
2046 2927 2131 2978 eo
2160 2907 2413 2976 Sancti
2441 2901 2694 2974 lac-obi
2718 2898 3079 2974 miracula

923 3022 1606 3125 translationemque
1651 3041 1720 3101 et
1759 3029 2004 3101 Caroli
2050 3031 2301 3130 Magni
2340 3045 2543 3129 gusta
2598 3033 2679 3099 in
2716 3027 3073 3123 Hispania
3138 3072 3143 3078 -

921 3145 1055 3216 sibi
1113 3151 1505 3246 exscripsit,
1571 3157 2089 3251 conventuique
2148 3177 2279 3229 suo
2340 3177 2496 3229 cum
2530 3154 2821 3250 epistola
2858 3150 3067 3238 misit,

921 3290 1132 3364 quam
1157 3277 1394 3378 adhuc
1421 3279 1500 3382 ¹in
1533 3281 1773 3354 codice
1807 3283 2253 3378 Rivipullensi
2284 3295 2673 3355 exstantem
2708 3280 2873 3354 etin
2902 3279 3081 3351 duo-

921 3399 1055 3476 bus
1097 3387 1424 3476 Parisin'is
1455 3407 1818 3480 codicibus
1859 3410 2254 3504 rescriptam
2296 3400 2658 3480 nobiscum
2690 3404 3078 3479 communi·-

919 3526 1106 3598 cavit
1126 3527 1235 3598 vir
1264 3549 1660 3624 permagnae
1693 3541 1764 3604 et
1796 3533 2107 3610 scientiae
2130 3544 2201 3606 et
2231 3532 2653 3605 liberalitatis
2689 3533 2765 3602 L.
2795 3530 3081 3602 Delisle..³

920 3651 1080 3724 Tale
1137 3656 1498 3750 exemplar
1561 3658 1870 3734 habuere
1934 3670 2003 3732 et
2075 3659 2394 3732 monachi
2456 3655 3069 3753 Sancti-Dionysii,

919 3777 1113 3869 quod
1151 3799 1386 3853 rursus
1427 3785 1969 3878 exscripserunt,
2025 3786 2449 3880 interpolato·
2479 3785 2767 3878 prologo
2818 3793 2889 3854 et
2948 3803 3077 3855 ca-

987 3983 1064 4048 (1)
1103 3979 1374 4050 Quaedam
1396 3982 1582 4052 verba,
1604 3982 1664 4039 in
1683 3982 1786 4039 hae
1807 3983 2063 4056 epistola,
2082 3983 2308 4060 Baylius
2330 3999 2494 4057 prave
2514 3983 2804 4058 exscripsit
2824 3985 2894 4041 ab
2915 3982 3077 4042 Oihe·

917 4073 1070 4138 nart,
1107 4067 1297 4142 sicque
1327 4085 1549 4143 semper
1582 4071 1728 4128 edita
1765 4077 1916 4130 sunt.
1942 4071 2095 4129 Dicit
2126 4071 2274 4129 enim
2300 4067 2606 4130 Gaufridus
2643 4086 2703 4130 se
2741 4071 2950 4130 librum
2976 4087 3079 4131 ex·

915 4156 1240 4230 scripsisse:
1265 4182 1291 4209 ι
1312 4162 1363 4218 N
1366 4175 1440 4217 on
1459 4160 1758 4234 superflua,
1774 4159 1973 4234 inquit,
1988 4160 2217 4228 addens,
2238 4160 2339 4220 sed
2357 4176 2465 4235 que
2491 4162 2680 4218 minus
2700 4172 2860 4219 erant
2879 4177 3075 4220 neces·

915 4245 1061 4303 saria
1087 4245 1408 4306 detrahens.
1433 4272 1460 4300 ιι
1487 4251 1812 4323 Legendum
1835 4257 1990 4322 puto,
2013 4250 2115 4308 sed
2150 4266 2257 4307 nec
2278 4267 2407 4323 que.
2441 4251 2604 4324 Legit
2640 4257 2833 4308 antem
2860 4249 3029 4326 Bayle
3056 4270 3097 4309 ε.

921 4359 944 4383 α
969 4336 1098 4392 Non
1124 4337 1402 4409 superflua
1423 4337 1778 4406 subtrabens,
1796 4338 1895 4396 sed
1914 4351 2023 4412 que
2048 4337 2277 4397 aderant
2298 4339 2605 4397 necessaria
2624 4339 2855 4413 addens,
2874 4363 2900 4392 ι
2922 4341 3073 4415 qnod

915 4424 1137 4482 nullum
1169 4439 1398 4486 sensum
1427 4425 1543 4498 dat,
1568 4427 1640 4486 ab
1669 4423 1932 4486 omnibus
1958 4433 2147 4486 tamen
2171 4425 2495 4502 adoptatum
2525 4427 2654 4500 fult,
