3640 5566
1928 662 2242 722 ...32-

1003 813 1208 884 quam
1273 813 1484 886 supra
1547 792 1938 883 retulimus;
2018 790 2581 887 verisimillimum
2652 807 2818 877 ergo
2879 784 3149 871 videtur
3236 841 3240 845 .

1002 913 1233 1015 illum,
1275 916 1392 1008 qui
1447 915 1823 1017 certissime
1871 915 2097 989 eidem
2152 914 2383 987 studio
2440 933 2576 983 non
2632 916 3000 981 vacaverat
3036 906 3149 994 cui

1001 1060 1170 1127 ηοε,
1213 1037 1348 1135 alia
1407 1048 1475 1112 et
1535 1039 1790 1133 optima
1856 1048 2259 1133 argumenta
2289 1058 2434 1132 prae
2488 1058 2561 1108 se
2613 1035 2939 1109 hahuisse
2990 1042 3151 1104 ante

969 1182 980 1195 ‘
1000 1185 1210 1256 quam
1237 1156 1438 1236 talem
1465 1164 1935 1259 pronuntiaret
1961 1164 2394 1237 sententiam.
2415 1163 2642 1248 Quare
2660 1160 2965 1233 maxime
2984 1180 3149 1254 pro-

997 1287 1227 1359 babile
1256 1301 1358 1359 est
1376 1289 1952 1385 Pseudo-Turpini
1984 1288 2424 1385 posteriorem
2451 1296 2712 1381 partem
2742 1308 2783 1357 a
2809 1284 3149 1359 monacho

1000 1413 1306 1506 quodam
1359 1413 1576 1486 sancti
1625 1413 1925 1487 Andreae
1973 1413 2346 1487 Viennensi
2400 1411 2854 1508 conscriptam
2908 1409 3142 1495 fuisse.

1096 1539 1251 1610 Non
1296 1520 1438 1610 ’tam
1487 1538 1782 1611 libenter
1832 1548 1902 1611 'et
1944 1562 2202 1611 annum
2253 1538 2621 1637 reciperem
2665 1558 2873 1630 quem
2921 1533 3152 1605 Allard

1000 1662 1320 1750 declarat,
1360 1664 1633 1755 MXCII,
1681 1664 1804 1735 sed
1841 1663 2067 1758 potius
2105 1664 2283 1736 intra
2326 1684 2543 1735 annos
2588 1661 2869 1745 MCXSet
2903 1658 3150 1731 MCXV

1003 1788 1404 1861 fabricatum
1463 1792 2027 1884 opusputarem'.
2084 1789 2463 1883 Episcopus
2514 1786 2697 1859 enim
2744 1784 3151 1891 Viennensis

991 1908 1222 1983 ¹factus
1279 1922 1418 1998 est,
1485 1932 1670 1985 anno
1729 1912 2179 2001 MLXXXIII,
2234 1910 2471 1983 Guido·
2517 1908 2978 2001 Burgundiae,
3028 1907 3149 2000 qui

1002 2044 1241 2128 postea
1277 2034 1588 2107 Callistus
1637 2038 1695 2107 ll
1747 2034 2309 2107 nominatus'est.
2356 2038 2453 2122 Is,
2506 2043 2821 2128 utsupra
2861 2032 3146 2121 dictum,

1000 2159 1208 2233 frater
1238 2161 1629 2250 Raimundi‚
1661 2160 1931 2233 comitis
1967 2160 2302 2246 Galletiae‚
2338 2168 2509 2247 erat,
2540 2170 2608 2231 et
2632 2150 2816 2230 anno
2842 2158 3145 2245 MCVIlI,

1000 2293 1156 2378 post
1215 2278 1499 2358 mortem
1556 2285 1971 2377 Raimundi,
2018 2285 2147 2359 ivit
2202 2285 2351 2380 ipse
2406 2285 2964 2380 Compostellam.
3026 2284 3151 2355 Hic

1003 2408 1288 2481 fortasse
1339 2431 1495 2482 eum
1543 2420 1822 2482 secutus
1864 2420 1964 2482 est
2008 2409 2385 2482 monachus
2426 2409 2541 2482 ille
2578 2408 2667 2481 de
2704 2430 2844 2502 quo
2888 2408 3146 2501 agitur3

999 2534 1108 2637 ibi·
1139 2535 1405 2606 invenit
1453 2535 1682 2629 priora
1739 2525 1893 2607 libri
1950 2535 2288 2630 capitula,
2343 2555 2562 2628 caque
2612 2545 2680 2606 et
2735 2534 2807 2604 in
2861 2533 3149 2627 patriam

999 2680 1232 2733 secum
1288 2660 1670 2755 reportavit
1716 2668 1784 2733 et
1838 2660 2157 2756 persequi
2198 2658 2452 2731 statuit.
2496 2659 2974 2753 Compostellae
3012 2658 3150 2730 Ec-

997 2785 1275 2860 clesiam
1311 2787 1639 2859 extollere
1679 2772 2006 2884 episcopo
2044 2786 2344 2860 Guidoni
2378 2785 2533 2881 ipsi,
2577 2795 2654 2858 ut
2681 2785 3010 2872 vidimuS,
3034 2786 3148 2877 ju·

931 2963 944 2978 ,
999 2913 1301 2985 cundum
1357 2897 1507 2985 esse
1569 2912 1905 3003 debebat3
1976 2935 2111 2987 non
2184 2912 2415 2984 minus
2486 2912 2823 2984 monacho
2878 2919 3144 3002 nostre,

998 3038 1118 3131 qui
1161 3049 1232 3110 et
1277 3037 1673 3132 episcopum
1711 3038 2054 3110 delectare
2101 3048 2171 3111 et
2220 3037 2543 3108 fratribus
2583 3038 2657 3108 in
2697 3038 3149 3132 Compostella

997 3163 1422 3257 complacere
1488 3162 1790 3234 volebat.
1852 3163 2095 3250 Quum⁸
2143 3170 2371 3234 tamen
2433 3163 2581 3256 ipse
2636 3184 2777 3235 non
2822 3163 3005 3253 jam,
3073 3172 3151 3237 ut
3255 3258 3263 3267 ·

853 3275 860 3281 ⁹
997 3289 1187 3384 prior
1222 3287 1540 3382 scriptor,
1574 3287 2175 3396 Compostellensis
2213 3295 2419 3376 esset,
2456 3286 2675 3358 sancti
2701 3285 2935 3358 Jacobi
2967 3285 3149 3377 ejus·

999 3435 1136 3509 que
1182 3413 1518 3484 Ecclesiae
1562 3413 1969 3507 plerumque
2005 3412 2262 3485 oblitus
2304 3421 2431 3523 est,
2479 3431 2860 3503 eorumque
2900 3410 2972 3482 in
3006 3433 3148 3484 uno

995 3561 1174 3635 pene
1260 3539 1561 3634 capitulo
1634 3538 2057 3611 mentionem
2131 3539 2333 3625 fecit,
2407 3536 2479 3609 in
2544 3536 2847 3631 capitulo
2901 3560 3024 3629 xx,
3072 3546 3190 3632 ut!

997 3664 1328 3768 diximus,
1356 3673 1496 3752 tam
1520 3662 1962 3756 magnificam
1994 3662 2273 3757 quidem
2293 3672 2371 3732 ut
2402 3662 2565 3734 satis
2598 3661 2928 3735 habereut
2956 3663 3149 3734 Com-

995 3790 1462 3883 postellenses.
1509 3788 1698 3887 Quin
1733 3768 1970 3861 ⁸t'erme
2016 3787 2314 3860 dicerem
2371 3786 2544 3859 illud
2579 3787 2955 3882 capitulum
2996 3787 3063 3859 ei
3104 3809 3147 3859 a

997 3895 1558 4010 Compostellensi
1585 3912 1766 3984 clero
1799 3911 2309 4006 suppeditatum
2340 3931 2529 4000 esse,
2572 3913 2695 4004 qui
2738 3922 2807 3982 et
2841 3909 3024 3982 aliud
3066 3931 3149 3984 ac

994 4048 1227 4114 cetera
1263 4036 1489 4131 sapiat
1525 4047 1590 4108 et
1618 4036 1943 4132 quaedam
1987 4038 2290 4133 proferat
2321 4058 2483 4129 quae
2515 4047 2681 4108 tunc
2711 4036 3039 4132 temporis
3075 4037 3147 4107 in

999 4160 1460 4255 Compostella
1525 4159 2025 4252 cogitabantur,
2085 4160 2225 4232 imo
2287 4159 2690 4254 superbiora
2750 4168 2819 4230 et
2870 4159 3140 4232 altiora.

997 4287 1190 4376 Haec,
1232 4284 1557 4380 exempli·
1569 4284 1814 4376 gratia,
1874 4285 1946 4356 in
1996 4286 2139 4377 jam
2196 4285 2451 4380 saepius
2497 4285 2774 4357 laudata
2826 4286 3147 4379 szeon'a

1000 4407 1572 4507 Compostellana
1599 4409 1946 4502 leguntur,
1987 4409 2108 4481 ubi
2145 4419 2460 4483 narratur
2490 4408 2862 4484 Ecclesiam
2895 4412 3149 4485 Roma-
