3640 5566
1482 511 1802 573 ...67-

535 728 538 731 ,
565 647 872 719 omnium
898 667 1074 740 quas
1099 640 1392 738 majores
1415 646 1633 719 nostri
1661 645 1749 717 de
1789 642 2036 717 Carolo
2069 642 2321 733 Magno
2343 644 2709 717 concinna·-

567 780 836 841 verunt.
875 772 1126 842 'Contra
1167 772 1346 841 enim
1381 781 1484 842 est
1506 752 1933 863 compertum
1960 768 2086 838 has
2116 766 2385 838 fabulas
2407 768 2709 863 Turpino

571 893 920 963 materiam
969 893 1546 987 suppeditavisse;
1612 915 1833 985 eoque
1878 883 2130 963 indicio
2184 913 2351 961 usus
2399 915 2585 983 sum,
2636 896 2705 965 in

571 1014 884 1085 Historia
913 1019 1198 1112 poetica
1235 1016 1476 1088 Caroli
1505 1019 1790 1115 Magni,
1830 1018 1922 1089 ad
1952 1016 2511 1107 investigandum
2543 1027 2707 1089 tem·

572 1144 700 1230 pus
718 1140 1207 1243 nonnullorum
1237 1150 1668 1234 poematum,
1701 1160 1863 1231 quae
1890 1158 2167 1231 nempe,
2203 1137 2357 1207 siin
2402 1140 2708 1232 Turpino

569 1277 968 1355 occurrunt,
1012 1287 1292 1337 necesse
1333 1275 1436 1337 est
1473 1276 1547 1336 ut
1582 1264 1997 1337 duodecimo
2030 1262 2288 1334 saeculo
2322 1263 2706 1355 antiquiora

566 1399 1050 1479 agnoscantur.
2192 1478 2197 1482 ¹
2368 1374 2375 1379 ⁶
2414 1448 2419 1451 .

653 1487 908 1580 Verum
957 1521 1061 1582 est
1112 1521 1340 1583 tamen
1401 1509 1671 1604 poesim
1729 1510 1994 1603 epicam
2034 1532 2077 1579 a
2130 1499 2705 1603 Pseudo-Turpini

559 1634 964 1707 auctoritate
1010 1656 1150 1707 non
1201 1635 1479 1717 omnino
1519 1634 1805 1705 liberam
1848 1634 2093 1722 fuisse,
2146 1655 2286 1705 non
2346 1635 2700 1727 antiquam

554 1756 710 1829 dico
738 1768 807 1829 et
845 1759 1190 1859 ¹integram
1216 1811 1235 1847 ,
1269 1757 1389 1829 sed
1422 1758 1913 1843 recentiorem,
1949 1758 2231 1850 jamque
2255 1758 2345 1829 ad
2382 1780 2702 1830 occasum
2796 1790 2803 1798 ·

561 1891 982 1972 vergentem.
1021 1880 1242 1952 Latini
1265 1880 1420 1950 libri
1443 1934 1463 1967 ,
1503 1880 1758 1971 quibus
1793 1880 2017 1952 clerici
2055 1881 2424 1952 utebantur
2460 1880 2703 1954 et'vul-

560 2026 760 2095 gares
807 2004 1205 2088 cantilenae,
1247 2004 1499 2097 quibus
1550 1976 1887 2099 populus,
1938 2005 2201 2074 nullum
2250 2005 2371 2076 diu
2414 2006 2593 2078 inter
2624 2030 2699 2079 se
2762 2006 2769 2013 ’

560 2132 1043 2201 commercium
1073 2130 1498 2219 habuerunt,
1533 2129 1767 2199 Galliae
1791 2128 2146 2201 historiam
2173 2130 2287 2200 hic
2320 2128 2693 2215 Chronica,

561 2252 694 2324 illic
733 2253 1123 2325 Cantilenoe
1159 2245 1511 2352 gestorum
1559 2254 1823 2326 variam
1860 2253 2089 2325 varios
2134 2254 2514 2345 docebant3
2552 2277 2699 2327 sese

562 2389 797 2449 mutuo
849 2379 1284 2469 ignorabant.
1338 2379 1544 2471 Rupit
1597 2380 1781 2448 illam
1822 2368 2337 2471 'separationem
2390 2365 2727 2452 Pseudo-¹

555 2502 933 2594 Turpinus,
989 2501 1269 2593 duoque
1317 2503 1497 2572 mala
1543 2500 1956 2601 introduxit,
2009 2500 2460 2573 discernenda
2513 2523 2694 2572 com-

557 2624 944 2713 miscend03
981 2648 1144 2704 nam
1191 2638 1258 2695 et
1309 2625 1661 2697 historiam
1709 2625 1985 2711 sabuliS‚
2031 2636 2109 2695 ut
2134 2626 2460 2712 vidimus,
2491 2627 2688 2698 adul-

554 2749 833 2837 ter-avit,
869 2764 937 2819 et
970 2748 1193 2842 poesis
1224 2750 1441 2843 epicae
1464 2752 1804 2823 sincerum
1840 2751 2148 2823 turbavit
2171 2773 2474 2823 cursum.
2506 2750 2689 2823 Alibi
2785 2849 2787 2853 .

554 2873 822 2944 ostendi
856 2882 1182 2965 quan-tam
1215 2874 1690 2947 confusionem
1739 2877 1808 2945 in
1855 2876 2222 2956 nonnullas
2264 2875 2693 2947 narrationes

555 2997 860 3088 injecerit
888 3000 1348 3092 Turpinianus
1401 2999 1512 3070 ille
1545 2999 1999 3090 AigolanduS,
2050 3021 2257 3092 quem
2296 3022 2335 3070 e
2381 3007 2693 3094 poemate

554 3123 817 3217 Asperi
857 3123 1536 3194 Montis-detractum
1577 3125 1645 3194 in
1686 3123 1873 3195 aliud
1914 3123 2110 3217 plane
2159 3124 2411 3193 bellum
2457 3123 2689 3195 aliam-

554 3265 690 3336 que
723 3244 1064 3335 regionem
1107 3245 1544 3315 transtulerat
1569 3232 1866 3335 nu‘gator
1911 3254 2165 3316 noster.
2206 3243 2582 3343 Turpinum
2622 3244 2689 3313 in

558 3368 796 3459 proelio
829 3367 1234 3438 occubuisse
1266 3368 1637 3438 narrabant
1676 3367 1891 3460 epicae
1919 3367 2303 3454 cantilenae‚
2333 3366 2524 3459 quod
2541 3388 2691 3436 mu-

557 3500 698 3560 tare
722 3489 1095 3580 cogebatur
1131 3490 1474 3582 Turpinus
1515 3490 1664 3583 ipse
1695 3491 2015 3583 proelium
2046 3510 2361 3578 narrans;
2397 3488 2687 3559 idcirco-

553 3634 688 3705 que
710 3613 1162 3706 pulcherrima
1198 3611 1563 3682 cantilena
1592 3611 1905 3682 Rolandc’
1930 3612 2252 3707 paulatim
2285 3623 2360 3682 ut
2383 3613 2687 3683 mendax

551 3737 859 3828 neglecta
908 3737 1070 3822 fuit,
1119 3737 1356 3829 illique
1391 3721 1809 3808 inertissima
1867 3737 2168 3808 narratio
2219 3736 2497 3830 Turpini
2552 3738 2689 3805 suf-

553 3861 749 3943 fecta,
785 3880 946 3951 quae
981 3869 1050 3930 et
1092 3858 1162 3929 in
1206 3860 1638 3954 poematibus
1679 3860 1973 3931 italianis
2007 3881 2129 3953 per
2164 3860 2521 3930 Nicolaum
2559 3844 2687 3930 Pa-

554 3983 862 4054 tavinum
891 4038 910 4068 ,
969 3993 1036 4054 et
1076 3982 1146 4052 in
1189 3993 1321 4053 tam
1362 3982 1700 4053 celebrato
1749 3983 1926 4053 libro
1964 4011 1996 4046 α
2036 3987 2144 4051 De
2180 3983 2503 4051 victoriis
2550 3986 2608 4053 C
2609 4007 2686 4050 a·

550 4104 683 4175 roli
707 4105 957 4203 Magni
975 4158 994 4194 ‚
1036 4135 1069 4169 »
1102 4114 1170 4175 et
1203 4105 1276 4174 in
1322 4133 1355 4169 α
1396 4103 1726 4175 Gallc‘ano
1764 4103 2128 4174 Rhetorico
2156 4134 2189 4168 ι)
2218 4105 2581 4176 invenitur.

647 4225 964 4298 Poemata
989 4246 1030 4298 e
1055 4217 1353 4318 Turpino
1385 4223 1672 4297 omnino
1697 4224 2021 4318 decerpta
2052 4245 2191 4296 non
2221 4225 2473 4314 norim,
2504 4247 2680 4319 prae·
